<?xml version='1.0' encoding='utf-8'?>
<record xmlns="http://www.loc.gov/MARC21/slim" xmlns:xsi="http://www.w3.org/2001/XMLSchema-instance">
  <leader>00000nacaa22002771a^4500</leader>
  <controlfield tag="001">002746951</controlfield>
  <controlfield tag="005">20111024134936.0</controlfield>
  <controlfield tag="008">940131i19492010miu^^^^^^^^^^c000^0^eng^d</controlfield>
  <datafield tag="035" ind1=" " ind2=" ">
    <subfield code="a">(RLIN)MIUV91-B453</subfield>
  </datafield>
  <datafield tag="035" ind1=" " ind2=" ">
    <subfield code="a">(OCoLC)702899198</subfield>
  </datafield>
  <datafield tag="040" ind1=" " ind2=" ">
    <subfield code="a">MiU-H</subfield>
    <subfield code="c">MiU-H</subfield>
  </datafield>
  <datafield tag="110" ind1="2" ind2=" ">
    <subfield code="a">Southeast Michigan Council of Governments.</subfield>
  </datafield>
  <datafield tag="245" ind1="1" ind2="0">
    <subfield code="a">[Southeast Michigan Council of Governments publications].</subfield>
  </datafield>
  <datafield tag="260" ind1=" " ind2=" ">
    <subfield code="a">Detroit, Mich. :</subfield>
    <subfield code="b">The Council,</subfield>
    <subfield code="c">1949-1992, 1997-2010</subfield>
  </datafield>
  <datafield tag="300" ind1=" " ind2=" ">
    <subfield code="a">3.5 linear feet.</subfield>
  </datafield>
  <datafield tag="500" ind1=" " ind2=" ">
    <subfield code="a">Also includes publications of predecessor organization Detroit Metropolitan Area Regional Planning Commission.</subfield>
  </datafield>
  <datafield tag="555" ind1="0" ind2=" ">
    <subfield code="a">Finding aid in the library.</subfield>
  </datafield>
  <datafield tag="555" ind1="0" ind2=" ">
    <subfield code="a">Finding aid via World Wide Web at URL: http://quod.lib.umich.edu/cgi/f/findaid/findaid-idx?c=bhlead&amp;idno=umich-bhl-98118</subfield>
  </datafield>
  <datafield tag="610" ind1="2" ind2="0">
    <subfield code="a">Southeast Michigan Council of Governments.</subfield>
  </datafield>
  <datafield tag="610" ind1="2" ind2="0">
    <subfield code="a">Detroit Metropolitan Area Regional Planning Commission.</subfield>
  </datafield>
  <datafield tag="650" ind1=" " ind2="0">
    <subfield code="a">Regional planning</subfield>
    <subfield code="z">Michigan, Southeastern.</subfield>
  </datafield>
  <datafield tag="650" ind1=" " ind2="0">
    <subfield code="a">Transportation</subfield>
    <subfield code="z">Michigan, Southeastern</subfield>
    <subfield code="x">Planning.</subfield>
  </datafield>
  <datafield tag="650" ind1=" " ind2="0">
    <subfield code="a">Water quality</subfield>
    <subfield code="z">Michigan, Southeastern</subfield>
    <subfield code="x">Planning.</subfield>
  </datafield>
  <datafield tag="650" ind1=" " ind2="0">
    <subfield code="a">Housing</subfield>
    <subfield code="z">Michigan, Southeastern.</subfield>
  </datafield>
  <datafield tag="710" ind1="2" ind2=" ">
    <subfield code="a">Detroit Metropolitan Area Regional Planning Commission.</subfield>
  </datafield>
  <datafield tag="856" ind1="4" ind2="2">
    <subfield code="3">Finding aid:</subfield>
    <subfield code="u">http://quod.lib.umich.edu/cgi/f/findaid/findaid-idx?c=bhlead&amp;idno=umich-bhl-98118</subfield>
  </datafield>
  <datafield tag="852" ind1="8" ind2=" ">
    <subfield code="a">MiU-H</subfield>
    <subfield code="b">BENT</subfield>
    <subfield code="h">98118 Fm 2 Box 1</subfield>
  </datafield>
  <datafield tag="852" ind1="8" ind2=" ">
    <subfield code="a">MiU-H</subfield>
    <subfield code="b">BENT</subfield>
    <subfield code="h">98118 Fm 2 Box 3</subfield>
  </datafield>
  <datafield tag="852" ind1="8" ind2=" ">
    <subfield code="a">MiU-H</subfield>
    <subfield code="b">BENT</subfield>
    <subfield code="h">98118 Fm 2 Box 2</subfield>
  </datafield>
  <datafield tag="998" ind1=" " ind2=" ">
    <subfield code="c">LAC</subfield>
    <subfield code="s">9114</subfield>
  </datafield>
  <datafield tag="955" ind1=" " ind2=" ">
    <subfield code="b">BENT</subfield>
    <subfield code="p">39015071848704</subfield>
    <subfield code="z">Annual report 1965/1966</subfield>
  </datafield>
  <datafield tag="955" ind1=" " ind2=" ">
    <subfield code="b">BENT</subfield>
    <subfield code="p">39015071848712</subfield>
    <subfield code="z">Annual report 1964</subfield>
  </datafield>
  <datafield tag="955" ind1=" " ind2=" ">
    <subfield code="b">BENT</subfield>
    <subfield code="p">39015071848720</subfield>
    <subfield code="z">Annual report 1963</subfield>
  </datafield>
  <datafield tag="955" ind1=" " ind2=" ">
    <subfield code="b">BENT</subfield>
    <subfield code="p">39015071848738</subfield>
    <subfield code="z">Annual report 1958</subfield>
  </datafield>
  <datafield tag="955" ind1=" " ind2=" ">
    <subfield code="b">BENT</subfield>
    <subfield code="p">39015071848746</subfield>
    <subfield code="z">Annual report 1951</subfield>
  </datafield>
  <datafield tag="955" ind1=" " ind2=" ">
    <subfield code="b">BENT</subfield>
    <subfield code="p">39015071848753</subfield>
    <subfield code="z">Annual report 1950</subfield>
  </datafield>
  <datafield tag="955" ind1=" " ind2=" ">
    <subfield code="b">BENT</subfield>
    <subfield code="p">39015071848761</subfield>
    <subfield code="z">Annual report 1949</subfield>
  </datafield>
  <datafield tag="955" ind1=" " ind2=" ">
    <subfield code="b">BENT</subfield>
    <subfield code="p">39015071848779</subfield>
    <subfield code="z">From TALUS to you April 1969</subfield>
  </datafield>
  <datafield tag="955" ind1=" " ind2=" ">
    <subfield code="b">BENT</subfield>
    <subfield code="p">39015071848787</subfield>
    <subfield code="z">From TALUS to you June 1969</subfield>
  </datafield>
  <datafield tag="955" ind1=" " ind2=" ">
    <subfield code="b">BENT</subfield>
    <subfield code="p">39015071848795</subfield>
    <subfield code="z">Population and occupied housing units... 1995 (in Southeast Michigan)</subfield>
  </datafield>
  <datafield tag="955" ind1=" " ind2=" ">
    <subfield code="b">BENT</subfield>
    <subfield code="p">39015071848803</subfield>
    <subfield code="z">Population and occupied housing units... 1993 (in Southeast Michigan)</subfield>
  </datafield>
  <datafield tag="955" ind1=" " ind2=" ">
    <subfield code="b">BENT</subfield>
    <subfield code="p">39015071848811</subfield>
    <subfield code="z">Housing bulletin Sept. 1970, no. 4</subfield>
  </datafield>
  <datafield tag="955" ind1=" " ind2=" ">
    <subfield code="b">BENT</subfield>
    <subfield code="p">39015071848829</subfield>
    <subfield code="z">Microscope v.1, no.1, Aug 1979</subfield>
  </datafield>
  <datafield tag="955" ind1=" " ind2=" ">
    <subfield code="b">BENT</subfield>
    <subfield code="p">39015071848837</subfield>
    <subfield code="z">Microscope v.2, no.1, Jan 1980</subfield>
  </datafield>
  <datafield tag="955" ind1=" " ind2=" ">
    <subfield code="b">BENT</subfield>
    <subfield code="p">39015071848845</subfield>
    <subfield code="z">Population and occupied housing units... 1992 (in Southeast Michigan)</subfield>
  </datafield>
  <datafield tag="955" ind1=" " ind2=" ">
    <subfield code="b">BENT</subfield>
    <subfield code="p">39015071848852</subfield>
    <subfield code="z">Population and occupied dwelling units... 1978 (in Southeast Michigan)</subfield>
  </datafield>
  <datafield tag="955" ind1=" " ind2=" ">
    <subfield code="b">BENT</subfield>
    <subfield code="p">39015071848860</subfield>
    <subfield code="z">Population and occupied dwelling units... 1975 (in Southeast Michigan)</subfield>
  </datafield>
  <datafield tag="955" ind1=" " ind2=" ">
    <subfield code="b">BENT</subfield>
    <subfield code="p">39015071848878</subfield>
    <subfield code="z">Population and occupied dwelling units... 1974 (in Southeast Michigan)</subfield>
  </datafield>
  <datafield tag="955" ind1=" " ind2=" ">
    <subfield code="b">BENT</subfield>
    <subfield code="p">39015071848886</subfield>
    <subfield code="z">Population and occupied dwelling units... 1973 (in Southeast Michigan)</subfield>
  </datafield>
  <datafield tag="955" ind1=" " ind2=" ">
    <subfield code="b">BENT</subfield>
    <subfield code="p">39015071848894</subfield>
    <subfield code="z">Population and occupied dwelling units... 1972 July (in Southeast Michigan)</subfield>
  </datafield>
  <datafield tag="955" ind1=" " ind2=" ">
    <subfield code="b">BENT</subfield>
    <subfield code="p">39015071848902</subfield>
    <subfield code="z">Population and occupied dwelling units... 1972 (First 6 months; dwelling units only)</subfield>
  </datafield>
  <datafield tag="955" ind1=" " ind2=" ">
    <subfield code="b">BENT</subfield>
    <subfield code="p">39015071848910</subfield>
    <subfield code="z">Population and occupied dwelling units... 1971 Aug. (First 6 months; dwelling units only; in Southeast Michigan)</subfield>
  </datafield>
  <datafield tag="955" ind1=" " ind2=" ">
    <subfield code="b">BENT</subfield>
    <subfield code="p">39015071848928</subfield>
    <subfield code="z">Population and occupied dwelling units... 1969 July (in the Detroit region)</subfield>
  </datafield>
  <datafield tag="955" ind1=" " ind2=" ">
    <subfield code="b">BENT</subfield>
    <subfield code="p">39015071848936</subfield>
    <subfield code="z">Population and occupied dwelling units... 1968 July (in the Detroit region)</subfield>
  </datafield>
  <datafield tag="955" ind1=" " ind2=" ">
    <subfield code="b">BENT</subfield>
    <subfield code="p">39015071848944</subfield>
    <subfield code="z">Population and occupied dwelling units... 1966 July (in the Detroit region)</subfield>
  </datafield>
  <datafield tag="955" ind1=" " ind2=" ">
    <subfield code="b">BENT</subfield>
    <subfield code="p">39015071848951</subfield>
    <subfield code="z">Population and occupied dwelling units... 1968 Mar. (in the Detroit region)</subfield>
  </datafield>
  <datafield tag="955" ind1=" " ind2=" ">
    <subfield code="b">BENT</subfield>
    <subfield code="p">39015071848969</subfield>
    <subfield code="z">Population and occupied dwelling units... 1965 July (in the Detroit region)</subfield>
  </datafield>
  <datafield tag="955" ind1=" " ind2=" ">
    <subfield code="b">BENT</subfield>
    <subfield code="p">39015071848977</subfield>
    <subfield code="z">Population and occupied dwelling units... 1964 November (in the Detroit region)</subfield>
  </datafield>
  <datafield tag="955" ind1=" " ind2=" ">
    <subfield code="b">BENT</subfield>
    <subfield code="p">39015071848985</subfield>
    <subfield code="z">Population and occupied dwelling units... 1963 July (in the Detroit region)</subfield>
  </datafield>
  <datafield tag="955" ind1=" " ind2=" ">
    <subfield code="b">BENT</subfield>
    <subfield code="p">39015071848993</subfield>
    <subfield code="z">Population and occupied dwelling units... 1962 July (Detroit region)</subfield>
  </datafield>
  <datafield tag="955" ind1=" " ind2=" ">
    <subfield code="b">BENT</subfield>
    <subfield code="p">39015071849009</subfield>
    <subfield code="z">Population and occupied dwelling units... 1959 July (in the Detroit region)</subfield>
  </datafield>
  <datafield tag="955" ind1=" " ind2=" ">
    <subfield code="b">BENT</subfield>
    <subfield code="p">39015071849017</subfield>
    <subfield code="z">Population and occupied dwelling units... 1958 July (in the Detroit region)</subfield>
  </datafield>
  <datafield tag="955" ind1=" " ind2=" ">
    <subfield code="b">BENT</subfield>
    <subfield code="p">39015071849025</subfield>
    <subfield code="z">Population and occupied dwelling units... 1956 Feb. (Detroit region)</subfield>
  </datafield>
  <datafield tag="955" ind1=" " ind2=" ">
    <subfield code="b">BENT</subfield>
    <subfield code="p">39015071849033</subfield>
    <subfield code="z">Regional reporter 1972 (Nov.)</subfield>
  </datafield>
  <datafield tag="955" ind1=" " ind2=" ">
    <subfield code="b">BENT</subfield>
    <subfield code="p">39015071849041</subfield>
    <subfield code="z">Regional reporter 1970 (no. 73)</subfield>
  </datafield>
  <datafield tag="955" ind1=" " ind2=" ">
    <subfield code="b">BENT</subfield>
    <subfield code="p">39015071849058</subfield>
    <subfield code="z">Regional reporter 1966 (no. 59)</subfield>
  </datafield>
  <datafield tag="955" ind1=" " ind2=" ">
    <subfield code="b">BENT</subfield>
    <subfield code="p">39015071849066</subfield>
    <subfield code="z">Regional reporter 1966 (no. 57)</subfield>
  </datafield>
  <datafield tag="955" ind1=" " ind2=" ">
    <subfield code="b">BENT</subfield>
    <subfield code="p">39015071849074</subfield>
    <subfield code="z">Regional reporter 1965 (no. 53)</subfield>
  </datafield>
  <datafield tag="955" ind1=" " ind2=" ">
    <subfield code="b">BENT</subfield>
    <subfield code="p">39015071849082</subfield>
    <subfield code="z">Regional reporter 1965 (no. 52)</subfield>
  </datafield>
  <datafield tag="955" ind1=" " ind2=" ">
    <subfield code="b">BENT</subfield>
    <subfield code="p">39015071849090</subfield>
    <subfield code="z">Regional reporter 1962 (no. 40)</subfield>
  </datafield>
  <datafield tag="955" ind1=" " ind2=" ">
    <subfield code="b">BENT</subfield>
    <subfield code="p">39015071849108</subfield>
    <subfield code="z">Regional reporter 1961 (no. 39)</subfield>
  </datafield>
  <datafield tag="955" ind1=" " ind2=" ">
    <subfield code="b">BENT</subfield>
    <subfield code="p">39015071849116</subfield>
    <subfield code="z">Regional reporter 1961 (no. 38)</subfield>
  </datafield>
  <datafield tag="955" ind1=" " ind2=" ">
    <subfield code="b">BENT</subfield>
    <subfield code="p">39015071849124</subfield>
    <subfield code="z">Regional reporter 1958 (no. 24)</subfield>
  </datafield>
  <datafield tag="955" ind1=" " ind2=" ">
    <subfield code="b">BENT</subfield>
    <subfield code="p">39015071849132</subfield>
    <subfield code="z">Regional reporter 1957 (no. 20)</subfield>
  </datafield>
  <datafield tag="955" ind1=" " ind2=" ">
    <subfield code="b">BENT</subfield>
    <subfield code="p">39015071849140</subfield>
    <subfield code="z">Regional reporter 1955 (no. 14)</subfield>
  </datafield>
  <datafield tag="955" ind1=" " ind2=" ">
    <subfield code="b">BENT</subfield>
    <subfield code="p">39015071849157</subfield>
    <subfield code="z">SEM Council data digest 1973</subfield>
  </datafield>
  <datafield tag="955" ind1=" " ind2=" ">
    <subfield code="b">BENT</subfield>
    <subfield code="p">39015071849165</subfield>
    <subfield code="z">SEM Council data digest 1972</subfield>
  </datafield>
  <datafield tag="955" ind1=" " ind2=" ">
    <subfield code="b">BENT</subfield>
    <subfield code="p">39015071849173</subfield>
    <subfield code="z">SEM Council digest v.2, no.1, 1973:Jan.</subfield>
  </datafield>
  <datafield tag="955" ind1=" " ind2=" ">
    <subfield code="b">BENT</subfield>
    <subfield code="p">39015071849181</subfield>
    <subfield code="z">Industrial decentralization, Detroit region 1940-1950 (projection to 1970), by Paul M. Reid 1951</subfield>
  </datafield>
  <datafield tag="955" ind1=" " ind2=" ">
    <subfield code="b">BENT</subfield>
    <subfield code="p">39015071849199</subfield>
    <subfield code="z">Regional and local planning (Planning thoughts no. 2) 1949</subfield>
  </datafield>
  <datafield tag="955" ind1=" " ind2=" ">
    <subfield code="b">BENT</subfield>
    <subfield code="p">39015071849207</subfield>
    <subfield code="z">The planning board's job (Planning thoughts no. 1) 1949</subfield>
  </datafield>
  <datafield tag="955" ind1=" " ind2=" ">
    <subfield code="b">BENT</subfield>
    <subfield code="p">39015071849215</subfield>
    <subfield code="z">Features of industrial location in the Detroit region 1958</subfield>
  </datafield>
  <datafield tag="955" ind1=" " ind2=" ">
    <subfield code="b">BENT</subfield>
    <subfield code="p">39015071849223</subfield>
    <subfield code="z">Progress in regional planning 1958</subfield>
  </datafield>
  <datafield tag="955" ind1=" " ind2=" ">
    <subfield code="b">BENT</subfield>
    <subfield code="p">39015071849231</subfield>
    <subfield code="z">Suburban shopping centers Detroit region 1956</subfield>
  </datafield>
  <datafield tag="955" ind1=" " ind2=" ">
    <subfield code="b">BENT</subfield>
    <subfield code="p">39015071849249</subfield>
    <subfield code="z">Master planning and the law 1957</subfield>
  </datafield>
  <datafield tag="955" ind1=" " ind2=" ">
    <subfield code="b">BENT</subfield>
    <subfield code="p">39015071849256</subfield>
    <subfield code="z">Progress report--waterfront land use plan 1955</subfield>
  </datafield>
  <datafield tag="955" ind1=" " ind2=" ">
    <subfield code="b">BENT</subfield>
    <subfield code="p">39015071849264</subfield>
    <subfield code="z">Home location pattern of industrial workers in the Detroit region 1955</subfield>
  </datafield>
  <datafield tag="955" ind1=" " ind2=" ">
    <subfield code="b">BENT</subfield>
    <subfield code="p">39015071849272</subfield>
    <subfield code="z">1958 Land Use in the Detroit Region, August 1959</subfield>
  </datafield>
  <datafield tag="955" ind1=" " ind2=" ">
    <subfield code="b">BENT</subfield>
    <subfield code="p">39015071849280</subfield>
    <subfield code="z">Employment of Women in the Detroit Region, November 1959</subfield>
  </datafield>
  <datafield tag="955" ind1=" " ind2=" ">
    <subfield code="b">BENT</subfield>
    <subfield code="p">39015071849298</subfield>
    <subfield code="z">1970-1980 population projections in the Detroit region, June 1963</subfield>
  </datafield>
  <datafield tag="955" ind1=" " ind2=" ">
    <subfield code="b">BENT</subfield>
    <subfield code="p">39015071849306</subfield>
    <subfield code="z">Detroit Metropolitan Area Regional Planning Commission, report for 1963</subfield>
  </datafield>
  <datafield tag="955" ind1=" " ind2=" ">
    <subfield code="b">BENT</subfield>
    <subfield code="p">39015071849314</subfield>
    <subfield code="z">Detroit Metropolitan Area Regional Planning Commission, report for 1960-1961</subfield>
  </datafield>
  <datafield tag="955" ind1=" " ind2=" ">
    <subfield code="b">BENT</subfield>
    <subfield code="p">39015071849322</subfield>
    <subfield code="z">Regional recreational lands plan, June 1960</subfield>
  </datafield>
  <datafield tag="955" ind1=" " ind2=" ">
    <subfield code="b">BENT</subfield>
    <subfield code="p">39015071849330</subfield>
    <subfield code="z">Part 3: Recreation in the Detroit region, 1960</subfield>
  </datafield>
  <datafield tag="955" ind1=" " ind2=" ">
    <subfield code="b">BENT</subfield>
    <subfield code="p">39015071849348</subfield>
    <subfield code="z">Conference papers: 12th annual planning conference (Recreational planning conference papers: title page missing) 1962</subfield>
  </datafield>
  <datafield tag="955" ind1=" " ind2=" ">
    <subfield code="b">BENT</subfield>
    <subfield code="p">39015071849355</subfield>
    <subfield code="z">Off-rail industrial lands plan for the Detroit region 1961</subfield>
  </datafield>
  <datafield tag="955" ind1=" " ind2=" ">
    <subfield code="b">BENT</subfield>
    <subfield code="p">39015071849363</subfield>
    <subfield code="z">Home survey of regional recreation activities 1960</subfield>
  </datafield>
  <datafield tag="955" ind1=" " ind2=" ">
    <subfield code="b">BENT</subfield>
    <subfield code="p">39015071849371</subfield>
    <subfield code="z">Study design for a comprehensive transportation and land use program for the Detroit region, November 1964</subfield>
  </datafield>
  <datafield tag="955" ind1=" " ind2=" ">
    <subfield code="b">BENT</subfield>
    <subfield code="p">39015071849389</subfield>
    <subfield code="z">Detroit region dwelling unit report based on residential units authorized first six months 1964</subfield>
  </datafield>
  <datafield tag="955" ind1=" " ind2=" ">
    <subfield code="b">BENT</subfield>
    <subfield code="p">39015071849397</subfield>
    <subfield code="z">Regional reporter 1964 (no. 51)</subfield>
  </datafield>
  <datafield tag="955" ind1=" " ind2=" ">
    <subfield code="b">BENT</subfield>
    <subfield code="p">39015071849405</subfield>
    <subfield code="z">Study design for a comprehensive transportation and land use program for the Detroit region,1964 (revised 1965)</subfield>
  </datafield>
  <datafield tag="955" ind1=" " ind2=" ">
    <subfield code="b">BENT</subfield>
    <subfield code="p">39015071849413</subfield>
    <subfield code="z">Detroit Metropolitan Area Regional Planning Commission, conference papers, 1965</subfield>
  </datafield>
  <datafield tag="955" ind1=" " ind2=" ">
    <subfield code="b">BENT</subfield>
    <subfield code="p">39015071849421</subfield>
    <subfield code="z">1964 residential construction in the Detroit region, January 1965</subfield>
  </datafield>
  <datafield tag="955" ind1=" " ind2=" ">
    <subfield code="b">BENT</subfield>
    <subfield code="p">39015071849439</subfield>
    <subfield code="z">Residential construction in the Detroit region 1966</subfield>
  </datafield>
  <datafield tag="955" ind1=" " ind2=" ">
    <subfield code="b">BENT</subfield>
    <subfield code="p">39015071849447</subfield>
    <subfield code="z">Regional reporter 1967 (no. 60)</subfield>
  </datafield>
  <datafield tag="955" ind1=" " ind2=" ">
    <subfield code="b">BENT</subfield>
    <subfield code="p">39015071849454</subfield>
    <subfield code="z">Guidelines for levels of function and responsibility for public outdoor recreation in southeastern Michigan, 1966</subfield>
  </datafield>
  <datafield tag="955" ind1=" " ind2=" ">
    <subfield code="b">BENT</subfield>
    <subfield code="p">39015071849462</subfield>
    <subfield code="z">Detroit Metropolitan Area Regional Planning Commission, conference papers, 1967</subfield>
  </datafield>
  <datafield tag="955" ind1=" " ind2=" ">
    <subfield code="b">BENT</subfield>
    <subfield code="p">39015071849470</subfield>
    <subfield code="z">Planning activity in the Detroit region  January 1, 1967</subfield>
  </datafield>
  <datafield tag="955" ind1=" " ind2=" ">
    <subfield code="b">BENT</subfield>
    <subfield code="p">39015071849488</subfield>
    <subfield code="z">Residential land development in the Detroit region 1960-1966, April 1967</subfield>
  </datafield>
  <datafield tag="955" ind1=" " ind2=" ">
    <subfield code="b">BENT</subfield>
    <subfield code="p">39015071849496</subfield>
    <subfield code="z">Regional planning, 1965-66 1966</subfield>
  </datafield>
  <datafield tag="955" ind1=" " ind2=" ">
    <subfield code="b">BENT</subfield>
    <subfield code="p">39015071849504</subfield>
    <subfield code="z">TALUS and tomorrow 1968</subfield>
  </datafield>
  <datafield tag="955" ind1=" " ind2=" ">
    <subfield code="b">BENT</subfield>
    <subfield code="p">39015071849512</subfield>
    <subfield code="z">A profile of Southeastern Michigan TALUS data 1968</subfield>
  </datafield>
  <datafield tag="955" ind1=" " ind2=" ">
    <subfield code="b">BENT</subfield>
    <subfield code="p">39015071849520</subfield>
    <subfield code="z">Flood plains reconnaissance study for the Detroit region 1966</subfield>
  </datafield>
  <datafield tag="955" ind1=" " ind2=" ">
    <subfield code="b">BENT</subfield>
    <subfield code="p">39015071849538</subfield>
    <subfield code="z">Digest of existing and proposed state and federal laws related to regional planning in Southeast Michigan 1966</subfield>
  </datafield>
  <datafield tag="955" ind1=" " ind2=" ">
    <subfield code="b">BENT</subfield>
    <subfield code="p">39015071849546</subfield>
    <subfield code="z">Living patterns and attitudes in the Detroit region, 1967</subfield>
  </datafield>
  <datafield tag="955" ind1=" " ind2=" ">
    <subfield code="b">BENT</subfield>
    <subfield code="p">39015071849553</subfield>
    <subfield code="z">Environmental studies: design resources, 1967</subfield>
  </datafield>
  <datafield tag="955" ind1=" " ind2=" ">
    <subfield code="b">BENT</subfield>
    <subfield code="p">39015071849561</subfield>
    <subfield code="z">Environmental studies: natural resources, 1967</subfield>
  </datafield>
  <datafield tag="955" ind1=" " ind2=" ">
    <subfield code="b">BENT</subfield>
    <subfield code="p">39015071849579</subfield>
    <subfield code="z">Growth, Change,...and a Choice for 1990, v.2, 1969</subfield>
  </datafield>
  <datafield tag="955" ind1=" " ind2=" ">
    <subfield code="b">BENT</subfield>
    <subfield code="p">39015071849587</subfield>
    <subfield code="z">Growth, Change,...and a Choice for 1990, v.1, 1969</subfield>
  </datafield>
  <datafield tag="955" ind1=" " ind2=" ">
    <subfield code="b">BENT</subfield>
    <subfield code="p">39015071849595</subfield>
    <subfield code="z">State-local relations in southeast Michigan, 1970</subfield>
  </datafield>
  <datafield tag="955" ind1=" " ind2=" ">
    <subfield code="b">BENT</subfield>
    <subfield code="p">39015071849603</subfield>
    <subfield code="z">Inventory of drug abuse programs, 1970</subfield>
  </datafield>
  <datafield tag="955" ind1=" " ind2=" ">
    <subfield code="b">BENT</subfield>
    <subfield code="p">39015071849611</subfield>
    <subfield code="z">Planning activity in the Detroit region 1970</subfield>
  </datafield>
  <datafield tag="955" ind1=" " ind2=" ">
    <subfield code="b">BENT</subfield>
    <subfield code="p">39015071849629</subfield>
    <subfield code="z">1970 SEMCOG work program &amp; budget</subfield>
  </datafield>
  <datafield tag="955" ind1=" " ind2=" ">
    <subfield code="b">BENT</subfield>
    <subfield code="p">39015071849637</subfield>
    <subfield code="z">Regional publications and planning materials 1972</subfield>
  </datafield>
  <datafield tag="955" ind1=" " ind2=" ">
    <subfield code="b">BENT</subfield>
    <subfield code="p">39015071849645</subfield>
    <subfield code="z">Survey of manufactured housing available to Southeast Michigan 1971</subfield>
  </datafield>
  <datafield tag="955" ind1=" " ind2=" ">
    <subfield code="b">BENT</subfield>
    <subfield code="p">39015071849652</subfield>
    <subfield code="z">1970 census data, 1st count 1972</subfield>
  </datafield>
  <datafield tag="955" ind1=" " ind2=" ">
    <subfield code="b">BENT</subfield>
    <subfield code="p">39015071849660</subfield>
    <subfield code="z">Public high school districts in Southeast Michigan: Selected financial data 1971</subfield>
  </datafield>
  <datafield tag="955" ind1=" " ind2=" ">
    <subfield code="b">BENT</subfield>
    <subfield code="p">39015071849728</subfield>
    <subfield code="z">1990 regional recreation...plan for southeast michigan, 1974</subfield>
  </datafield>
  <datafield tag="955" ind1=" " ind2=" ">
    <subfield code="b">BENT</subfield>
    <subfield code="p">39015071849736</subfield>
    <subfield code="z">Draft summary statement for...1990 transportation plan, 1974</subfield>
  </datafield>
  <datafield tag="955" ind1=" " ind2=" ">
    <subfield code="b">BENT</subfield>
    <subfield code="p">39015071849744</subfield>
    <subfield code="z">Transportation 1990 1974</subfield>
  </datafield>
  <datafield tag="955" ind1=" " ind2=" ">
    <subfield code="b">BENT</subfield>
    <subfield code="p">39015071849751</subfield>
    <subfield code="z">Model flood plain, watercourse and wetland ordinance for townships 1974</subfield>
  </datafield>
  <datafield tag="955" ind1=" " ind2=" ">
    <subfield code="b">BENT</subfield>
    <subfield code="p">39015071849769</subfield>
    <subfield code="z">Transportation: an integrated highway-transit plan for Southeast Michigan 1975</subfield>
  </datafield>
  <datafield tag="955" ind1=" " ind2=" ">
    <subfield code="b">BENT</subfield>
    <subfield code="p">39015071849777</subfield>
    <subfield code="z">Procedures to evaluate the consistency of the regional transportation plan with the state implementation plan: draft 1975</subfield>
  </datafield>
  <datafield tag="955" ind1=" " ind2=" ">
    <subfield code="b">BENT</subfield>
    <subfield code="p">39015071849785</subfield>
    <subfield code="z">Energy and the regional transportation plan: a multi-modal energy analysis: draft 1975</subfield>
  </datafield>
  <datafield tag="955" ind1=" " ind2=" ">
    <subfield code="b">BENT</subfield>
    <subfield code="p">39015071849793</subfield>
    <subfield code="z">Social impacts of transportation: regional analysis of transportation needs of the disadvantaged: draft (Transportation working paper, no. 30) 1976</subfield>
  </datafield>
  <datafield tag="955" ind1=" " ind2=" ">
    <subfield code="b">BENT</subfield>
    <subfield code="p">39015071849801</subfield>
    <subfield code="z">Perspective on progress 1976</subfield>
  </datafield>
  <datafield tag="955" ind1=" " ind2=" ">
    <subfield code="b">BENT</subfield>
    <subfield code="p">39015071849819</subfield>
    <subfield code="z">Clean water for Southeast Michigan 1976</subfield>
  </datafield>
  <datafield tag="955" ind1=" " ind2=" ">
    <subfield code="b">BENT</subfield>
    <subfield code="p">39015071849827</subfield>
    <subfield code="z">Water quality in Southeast Michigan: an annotated bibliography 1976</subfield>
  </datafield>
  <datafield tag="955" ind1=" " ind2=" ">
    <subfield code="b">BENT</subfield>
    <subfield code="p">39015071849835</subfield>
    <subfield code="z">Legislative review...water quality management plan...1976</subfield>
  </datafield>
  <datafield tag="955" ind1=" " ind2=" ">
    <subfield code="b">BENT</subfield>
    <subfield code="p">39015071849843</subfield>
    <subfield code="z">An assessment of...system for managing...pollution...southeast Michigan region, 1976</subfield>
  </datafield>
  <datafield tag="955" ind1=" " ind2=" ">
    <subfield code="b">BENT</subfield>
    <subfield code="p">39015071849850</subfield>
    <subfield code="z">Water quality management plan for Southeast Michigan 1977</subfield>
  </datafield>
  <datafield tag="955" ind1=" " ind2=" ">
    <subfield code="b">BENT</subfield>
    <subfield code="p">39015071849868</subfield>
    <subfield code="z">Regional bikeway system plan: draft (v.2) 1977</subfield>
  </datafield>
  <datafield tag="955" ind1=" " ind2=" ">
    <subfield code="b">BENT</subfield>
    <subfield code="p">39015071849876</subfield>
    <subfield code="z">Regional bikeway system plan: draft (v.1) 1977</subfield>
  </datafield>
  <datafield tag="955" ind1=" " ind2=" ">
    <subfield code="b">BENT</subfield>
    <subfield code="p">39015071849884</subfield>
    <subfield code="z">Inland lake management concerns for Southeast Michigan (Environmental background paper, no. 26) 1977</subfield>
  </datafield>
  <datafield tag="955" ind1=" " ind2=" ">
    <subfield code="b">BENT</subfield>
    <subfield code="p">39015071849892</subfield>
    <subfield code="z">Downriver truck study, by Wilbur Smith and Associates 1977</subfield>
  </datafield>
  <datafield tag="955" ind1=" " ind2=" ">
    <subfield code="b">BENT</subfield>
    <subfield code="p">39015071849900</subfield>
    <subfield code="z">Water quality management system for southeast Michigan, 1977</subfield>
  </datafield>
  <datafield tag="955" ind1=" " ind2=" ">
    <subfield code="b">BENT</subfield>
    <subfield code="p">39015071849918</subfield>
    <subfield code="z">Approach to the selection...management...1977</subfield>
  </datafield>
  <datafield tag="955" ind1=" " ind2=" ">
    <subfield code="b">BENT</subfield>
    <subfield code="p">39015071849926</subfield>
    <subfield code="z">Discussion paper...water quality management, 1977</subfield>
  </datafield>
  <datafield tag="955" ind1=" " ind2=" ">
    <subfield code="b">BENT</subfield>
    <subfield code="p">39015071849934</subfield>
    <subfield code="z">Institutional analysis of water quality...programs...1977</subfield>
  </datafield>
  <datafield tag="955" ind1=" " ind2=" ">
    <subfield code="b">BENT</subfield>
    <subfield code="p">39015071849942</subfield>
    <subfield code="z">Nonpoint source management; background summary, 1978</subfield>
  </datafield>
  <datafield tag="955" ind1=" " ind2=" ">
    <subfield code="b">BENT</subfield>
    <subfield code="p">39015071849959</subfield>
    <subfield code="z">Water quality management plan for Southeast Michigan: environmental assessment summary: draft 1978, chapters 3, 4, 5</subfield>
  </datafield>
  <datafield tag="955" ind1=" " ind2=" ">
    <subfield code="b">BENT</subfield>
    <subfield code="p">39015071849967</subfield>
    <subfield code="z">Residuals management: background summary, 1978</subfield>
  </datafield>
  <datafield tag="955" ind1=" " ind2=" ">
    <subfield code="b">BENT</subfield>
    <subfield code="p">39015071849975</subfield>
    <subfield code="z">Municipal wastewater treatment facilities...1978</subfield>
  </datafield>
  <datafield tag="955" ind1=" " ind2=" ">
    <subfield code="b">BENT</subfield>
    <subfield code="p">39015071849983</subfield>
    <subfield code="z">Federal grant review process in Southeast Michigan (revised March 1978) 1978</subfield>
  </datafield>
  <datafield tag="955" ind1=" " ind2=" ">
    <subfield code="b">BENT</subfield>
    <subfield code="p">39015071849991</subfield>
    <subfield code="z">Clinton River water quality (Water quality memo, no. 21) 1978</subfield>
  </datafield>
  <datafield tag="955" ind1=" " ind2=" ">
    <subfield code="b">BENT</subfield>
    <subfield code="p">39015071850007</subfield>
    <subfield code="z">Clinton River water quality (Water quality memo, no. 21) 1978</subfield>
  </datafield>
  <datafield tag="955" ind1=" " ind2=" ">
    <subfield code="b">BENT</subfield>
    <subfield code="p">39015071850015</subfield>
    <subfield code="z">Description of proposed trip production model for home-based motor vehicle person trips 1978</subfield>
  </datafield>
  <datafield tag="955" ind1=" " ind2=" ">
    <subfield code="b">BENT</subfield>
    <subfield code="p">39015071850023</subfield>
    <subfield code="z">Huron River water quality (Water quality memo, no. 19) 1978</subfield>
  </datafield>
  <datafield tag="955" ind1=" " ind2=" ">
    <subfield code="b">BENT</subfield>
    <subfield code="p">39015071850031</subfield>
    <subfield code="z">Huron River water quality (Water quality memo, no. 20) 1978</subfield>
  </datafield>
  <datafield tag="955" ind1=" " ind2=" ">
    <subfield code="b">BENT</subfield>
    <subfield code="p">39015071850049</subfield>
    <subfield code="z">Regional bikeway policy plan: an element of the regional transportation plan for the Southeast Michigan region 1978</subfield>
  </datafield>
  <datafield tag="955" ind1=" " ind2=" ">
    <subfield code="b">BENT</subfield>
    <subfield code="p">39015071850056</subfield>
    <subfield code="z">River Rouge water quality (Water quality memo, no. 17), 1978</subfield>
  </datafield>
  <datafield tag="955" ind1=" " ind2=" ">
    <subfield code="b">BENT</subfield>
    <subfield code="p">39015071850064</subfield>
    <subfield code="z">River Rouge water quality (Water quality memo, no. 18), 1978</subfield>
  </datafield>
  <datafield tag="955" ind1=" " ind2=" ">
    <subfield code="b">BENT</subfield>
    <subfield code="p">39015071850072</subfield>
    <subfield code="z">Water quality management plan for Southeast Michigan: environmental assessment summary: draft 1978</subfield>
  </datafield>
  <datafield tag="955" ind1=" " ind2=" ">
    <subfield code="b">BENT</subfield>
    <subfield code="p">39015071850080</subfield>
    <subfield code="z">Regional transportation plan for Southeast Michigan: Highway and transit elements (amended Mar. 1978) 1978</subfield>
  </datafield>
  <datafield tag="955" ind1=" " ind2=" ">
    <subfield code="b">BENT</subfield>
    <subfield code="p">39015071850098</subfield>
    <subfield code="z">Water quality in Southeast Michigan: introduction 1978</subfield>
  </datafield>
  <datafield tag="955" ind1=" " ind2=" ">
    <subfield code="b">BENT</subfield>
    <subfield code="p">39015071850106</subfield>
    <subfield code="z">Federal grant review process in Southeast Michigan (revised March 1978) 1978</subfield>
  </datafield>
  <datafield tag="955" ind1=" " ind2=" ">
    <subfield code="b">BENT</subfield>
    <subfield code="p">39015071850114</subfield>
    <subfield code="z">Clean air, transportation and you 1980</subfield>
  </datafield>
  <datafield tag="955" ind1=" " ind2=" ">
    <subfield code="b">BENT</subfield>
    <subfield code="p">39015071850122</subfield>
    <subfield code="z">Executive summary for the regional transportation systems management plan: draft 1979</subfield>
  </datafield>
  <datafield tag="955" ind1=" " ind2=" ">
    <subfield code="b">BENT</subfield>
    <subfield code="p">39015071850130</subfield>
    <subfield code="z">Southeast Michigan: a profile of the region 1980</subfield>
  </datafield>
  <datafield tag="955" ind1=" " ind2=" ">
    <subfield code="b">BENT</subfield>
    <subfield code="p">39015071850148</subfield>
    <subfield code="z">The transition plan for Southeast Michigan 1980</subfield>
  </datafield>
  <datafield tag="955" ind1=" " ind2=" ">
    <subfield code="b">BENT</subfield>
    <subfield code="p">39015071850155</subfield>
    <subfield code="z">Economic development in southeast Michigan: a profile and inventory 1980</subfield>
  </datafield>
  <datafield tag="955" ind1=" " ind2=" ">
    <subfield code="b">BENT</subfield>
    <subfield code="p">39015071850163</subfield>
    <subfield code="z">Stormwater runoff control through natural drainage: cost savings and environmental benefits (Technical bulletin, no. 2) 1981</subfield>
  </datafield>
  <datafield tag="955" ind1=" " ind2=" ">
    <subfield code="b">BENT</subfield>
    <subfield code="p">39015071850171</subfield>
    <subfield code="z">Detention basin maintenance: program needs and financing options (Technical bulletin, no. 3) 1981</subfield>
  </datafield>
  <datafield tag="955" ind1=" " ind2=" ">
    <subfield code="b">BENT</subfield>
    <subfield code="p">39015071850189</subfield>
    <subfield code="z">Septic system management by local governments: planning, regulation, and maintenance (Technical bulletin, no. 4) 1981</subfield>
  </datafield>
  <datafield tag="955" ind1=" " ind2=" ">
    <subfield code="b">BENT</subfield>
    <subfield code="p">39015071850197</subfield>
    <subfield code="z">Protecting water quality through cluster development: financial incentives and community benefits (Technical bulletin, no. 5) 1981</subfield>
  </datafield>
  <datafield tag="955" ind1=" " ind2=" ">
    <subfield code="b">BENT</subfield>
    <subfield code="p">39015071850205</subfield>
    <subfield code="z">Conservation easements: tax incentives for private open space preservation (Technical bulletin, no. 6) 1981</subfield>
  </datafield>
  <datafield tag="955" ind1=" " ind2=" ">
    <subfield code="b">BENT</subfield>
    <subfield code="p">39015071850213</subfield>
    <subfield code="z">Performance zoning: an innovative approach to water quality protection and land use regulation (Technical bulletin, no. 7) 1981</subfield>
  </datafield>
  <datafield tag="955" ind1=" " ind2=" ">
    <subfield code="b">BENT</subfield>
    <subfield code="p">39015071850221</subfield>
    <subfield code="z">Effective stormwater management programs: case studies of local government experiences in Southeast Michigan 1981</subfield>
  </datafield>
  <datafield tag="955" ind1=" " ind2=" ">
    <subfield code="b">BENT</subfield>
    <subfield code="p">39015071850239</subfield>
    <subfield code="z">Social and economic impacts of toxic waste sites: the experience of Rose and Springfield Townships: summary of major findings 1982</subfield>
  </datafield>
  <datafield tag="955" ind1=" " ind2=" ">
    <subfield code="b">BENT</subfield>
    <subfield code="p">39015071850247</subfield>
    <subfield code="z">Intergovernmental cooperative arrangements: exploring opportunities 1982</subfield>
  </datafield>
  <datafield tag="955" ind1=" " ind2=" ">
    <subfield code="b">BENT</subfield>
    <subfield code="p">39015071850254</subfield>
    <subfield code="z">Final responsiveness summary: North Huron Valley-Rouge Valley wastewater control system preliminary engineering report 1984</subfield>
  </datafield>
  <datafield tag="955" ind1=" " ind2=" ">
    <subfield code="b">BENT</subfield>
    <subfield code="p">39015071850262</subfield>
    <subfield code="z">Major economic activity concentrations in Southeast Michigan: a supplement to the map, "Major economic activity in Southeast Michigan" 1984</subfield>
  </datafield>
  <datafield tag="955" ind1=" " ind2=" ">
    <subfield code="b">BENT</subfield>
    <subfield code="p">39015071850270</subfield>
    <subfield code="z">SEMCOG: a guide 1985</subfield>
  </datafield>
  <datafield tag="955" ind1=" " ind2=" ">
    <subfield code="b">BENT</subfield>
    <subfield code="p">39015071850288</subfield>
    <subfield code="z">Southeast Michigan: a regional profile 1985</subfield>
  </datafield>
  <datafield tag="955" ind1=" " ind2=" ">
    <subfield code="b">BENT</subfield>
    <subfield code="p">39015071850296</subfield>
    <subfield code="z">Public transportation needs and finance assessment for Southeast Michigan 1987</subfield>
  </datafield>
  <datafield tag="955" ind1=" " ind2=" ">
    <subfield code="b">BENT</subfield>
    <subfield code="p">39015071850304</subfield>
    <subfield code="z">Public transportation element of the year 2005 regional transportation plan: a technical report 1988</subfield>
  </datafield>
  <datafield tag="955" ind1=" " ind2=" ">
    <subfield code="b">BENT</subfield>
    <subfield code="p">39015071850312</subfield>
    <subfield code="z">Southeast Michigan traffic crash profile 1989</subfield>
  </datafield>
  <datafield tag="955" ind1=" " ind2=" ">
    <subfield code="b">BENT</subfield>
    <subfield code="p">39015071850320</subfield>
    <subfield code="z">Regional traffic safety policies for Southeast Michigan (draft) 1990</subfield>
  </datafield>
  <datafield tag="955" ind1=" " ind2=" ">
    <subfield code="b">BENT</subfield>
    <subfield code="p">39015071850338</subfield>
    <subfield code="z">Regional traffic safety policies for Southeast Michigan 1990</subfield>
  </datafield>
  <datafield tag="955" ind1=" " ind2=" ">
    <subfield code="b">BENT</subfield>
    <subfield code="p">39015071850346</subfield>
    <subfield code="z">Tax incentives/tax abatements in Southeast Michigan 1990</subfield>
  </datafield>
  <datafield tag="955" ind1=" " ind2=" ">
    <subfield code="b">BENT</subfield>
    <subfield code="p">39015071850353</subfield>
    <subfield code="z">Management &amp; governance 1990/2010 (Regional development initiative briefing paper #6) 1991</subfield>
  </datafield>
  <datafield tag="955" ind1=" " ind2=" ">
    <subfield code="b">BENT</subfield>
    <subfield code="p">39015071850361</subfield>
    <subfield code="z">Public finance 1990/2010 (Regional development initiative briefing paper #5) 1991</subfield>
  </datafield>
  <datafield tag="955" ind1=" " ind2=" ">
    <subfield code="b">BENT</subfield>
    <subfield code="p">39015071850379</subfield>
    <subfield code="z">Transportation 1990/2010 (Regional development initiative briefing paper #3) 1991</subfield>
  </datafield>
  <datafield tag="955" ind1=" " ind2=" ">
    <subfield code="b">BENT</subfield>
    <subfield code="p">39015071850387</subfield>
    <subfield code="z">The environment, 1990/2010 (Regional development initiative briefing paper #1) 1991</subfield>
  </datafield>
  <datafield tag="955" ind1=" " ind2=" ">
    <subfield code="b">BENT</subfield>
    <subfield code="p">39015071850395</subfield>
    <subfield code="z">Social impacts: crime, race, education 1990/2010 (Regional development initiative briefing paper #2) 1991</subfield>
  </datafield>
  <datafield tag="955" ind1=" " ind2=" ">
    <subfield code="b">BENT</subfield>
    <subfield code="p">39015071850403</subfield>
    <subfield code="z">Economy 1990/2010 (Regional development initiative briefing paper #4) 1991</subfield>
  </datafield>
  <datafield tag="955" ind1=" " ind2=" ">
    <subfield code="b">BENT</subfield>
    <subfield code="p">39015071850411</subfield>
    <subfield code="z">Regional development initiative: summary of workshop #1 the environment 1991</subfield>
  </datafield>
  <datafield tag="955" ind1=" " ind2=" ">
    <subfield code="b">BENT</subfield>
    <subfield code="p">39015071850429</subfield>
    <subfield code="z">Regional development initiative: summary of workshop #4 economy 1991</subfield>
  </datafield>
  <datafield tag="955" ind1=" " ind2=" ">
    <subfield code="b">BENT</subfield>
    <subfield code="p">39015071850437</subfield>
    <subfield code="z">Regional development initiative: summary of workshop #6 management &amp; governance 1991</subfield>
  </datafield>
  <datafield tag="955" ind1=" " ind2=" ">
    <subfield code="b">BENT</subfield>
    <subfield code="p">39015071850445</subfield>
    <subfield code="z">Regional development initiative: final report of the RDI Oversight Committee 1991</subfield>
  </datafield>
  <datafield tag="955" ind1=" " ind2=" ">
    <subfield code="b">BENT</subfield>
    <subfield code="p">39015071850452</subfield>
    <subfield code="z">The "Business as usual" trend future: the data base 1991</subfield>
  </datafield>
  <datafield tag="955" ind1=" " ind2=" ">
    <subfield code="b">BENT</subfield>
    <subfield code="p">39015071850460</subfield>
    <subfield code="z">Southeast Michigan regional aviation system plan: evaluation of alternative systems: draft (Working paper, no. 5) 1991</subfield>
  </datafield>
  <datafield tag="955" ind1=" " ind2=" ">
    <subfield code="b">BENT</subfield>
    <subfield code="p">39015071850478</subfield>
    <subfield code="z">Education reforms: issues and recommendations 1991</subfield>
  </datafield>
  <datafield tag="955" ind1=" " ind2=" ">
    <subfield code="b">BENT</subfield>
    <subfield code="p">39015071850486</subfield>
    <subfield code="z">Southeast Michigan regional aviation system plan technical report 1992</subfield>
  </datafield>
  <datafield tag="955" ind1=" " ind2=" ">
    <subfield code="b">BENT</subfield>
    <subfield code="p">39015071850494</subfield>
    <subfield code="z">A citizen's guide to transportation planning in southeast Michigan, 2001</subfield>
  </datafield>
  <datafield tag="955" ind1=" " ind2=" ">
    <subfield code="b">BENT</subfield>
    <subfield code="p">39015071850502</subfield>
    <subfield code="z">Michiganâs legal tools for cooperative arrangements 2003</subfield>
  </datafield>
  <datafield tag="955" ind1=" " ind2=" ">
    <subfield code="b">BENT</subfield>
    <subfield code="p">39015071850510</subfield>
    <subfield code="z">Funding resources for investing in the transportation system of Southeast Michigan 2003</subfield>
  </datafield>
  <datafield tag="955" ind1=" " ind2=" ">
    <subfield code="b">BENT</subfield>
    <subfield code="p">39015071850528</subfield>
    <subfield code="z">Intergovernmental cooperation: a background paper 2003</subfield>
  </datafield>
  <datafield tag="955" ind1=" " ind2=" ">
    <subfield code="b">BENT</subfield>
    <subfield code="p">39015071850536</subfield>
    <subfield code="z">Commuting in Southeast Michigan, 2000, 2003</subfield>
  </datafield>
  <datafield tag="955" ind1=" " ind2=" ">
    <subfield code="b">BENT</subfield>
    <subfield code="p">39015071850544</subfield>
    <subfield code="z">MDOT freeway courtesy patrol in Southeast Michigan: 2002 evaluation report, 2003</subfield>
  </datafield>
  <datafield tag="955" ind1=" " ind2=" ">
    <subfield code="b">BENT</subfield>
    <subfield code="p">39015071850551</subfield>
    <subfield code="z">2030 regional transportation plan: needs, revenues, and priorities 2003</subfield>
  </datafield>
  <datafield tag="955" ind1=" " ind2=" ">
    <subfield code="b">BENT</subfield>
    <subfield code="p">39015071850569</subfield>
    <subfield code="z">2002 Southeast Michigan traffic crash facts, 2003</subfield>
  </datafield>
  <datafield tag="955" ind1=" " ind2=" ">
    <subfield code="b">BENT</subfield>
    <subfield code="p">39015071850577</subfield>
    <subfield code="z">Fiscal capacity of Southeast Michigan communities: taxable value and its implications 2003</subfield>
  </datafield>
  <datafield tag="955" ind1=" " ind2=" ">
    <subfield code="b">BENT</subfield>
    <subfield code="p">39015071850585</subfield>
    <subfield code="z">Intergovernmental cooperation: strategies for overcoming political barriers) 2003</subfield>
  </datafield>
  <datafield tag="955" ind1=" " ind2=" ">
    <subfield code="b">BENT</subfield>
    <subfield code="p">39015071850593</subfield>
    <subfield code="z">SEMCOG's proposal for moving forward on the Land Use Leadership Councilâs recommendations 2003</subfield>
  </datafield>
  <datafield tag="955" ind1=" " ind2=" ">
    <subfield code="b">BENT</subfield>
    <subfield code="p">39015071850601</subfield>
    <subfield code="z">Population and households in Southeast Michigan, 2000-2003, 2003</subfield>
  </datafield>
  <datafield tag="955" ind1=" " ind2=" ">
    <subfield code="b">BENT</subfield>
    <subfield code="p">39015071850619</subfield>
    <subfield code="z">Annual work program completion report for fiscal year 2002-2003, 2003</subfield>
  </datafield>
  <datafield tag="955" ind1=" " ind2=" ">
    <subfield code="b">BENT</subfield>
    <subfield code="p">39015071850627</subfield>
    <subfield code="z">Employment change by community, Southeast Michigan, 1999-2002, 2003</subfield>
  </datafield>
  <datafield tag="955" ind1=" " ind2=" ">
    <subfield code="b">BENT</subfield>
    <subfield code="p">39015071850635</subfield>
    <subfield code="z">Financing joint public ventures: alternatives and consequences) 2003</subfield>
  </datafield>
  <datafield tag="955" ind1=" " ind2=" ">
    <subfield code="b">BENT</subfield>
    <subfield code="p">39015071850643</subfield>
    <subfield code="z">Sensitivity analysis of EPAâs new mobile model 2004</subfield>
  </datafield>
  <datafield tag="955" ind1=" " ind2=" ">
    <subfield code="b">BENT</subfield>
    <subfield code="p">39015071850650</subfield>
    <subfield code="z">Intergovernmental cooperation: case studies in Southeast Michigan 2004</subfield>
  </datafield>
  <datafield tag="955" ind1=" " ind2=" ">
    <subfield code="b">BENT</subfield>
    <subfield code="p">39015071850668</subfield>
    <subfield code="z">Nonresidential development in Southeast Michigan, summary 2003, 2004</subfield>
  </datafield>
  <datafield tag="955" ind1=" " ind2=" ">
    <subfield code="b">BENT</subfield>
    <subfield code="p">39015071850676</subfield>
    <subfield code="z">Land use in Southeast Michigan, regional summary, 1990-2000 2004</subfield>
  </datafield>
  <datafield tag="955" ind1=" " ind2=" ">
    <subfield code="b">BENT</subfield>
    <subfield code="p">39015071850684</subfield>
    <subfield code="z">Land use in Southeast Michigan, Livingston County, 1990-2000 2004</subfield>
  </datafield>
  <datafield tag="955" ind1=" " ind2=" ">
    <subfield code="b">BENT</subfield>
    <subfield code="p">39015071850692</subfield>
    <subfield code="z">Land use in Southeast Michigan, Macomb County, 1990-2000 2004</subfield>
  </datafield>
  <datafield tag="955" ind1=" " ind2=" ">
    <subfield code="b">BENT</subfield>
    <subfield code="p">39015071850700</subfield>
    <subfield code="z">Land use in Southeast Michigan, Monroe County, 1990-2000 2004</subfield>
  </datafield>
  <datafield tag="955" ind1=" " ind2=" ">
    <subfield code="b">BENT</subfield>
    <subfield code="p">39015071850718</subfield>
    <subfield code="z">Land use in Southeast Michigan, Oakland County, 1990-2000 2004</subfield>
  </datafield>
  <datafield tag="955" ind1=" " ind2=" ">
    <subfield code="b">BENT</subfield>
    <subfield code="p">39015071850726</subfield>
    <subfield code="z">Land use in Southeast Michigan, St. Clair County, 1990-2000 2004</subfield>
  </datafield>
  <datafield tag="955" ind1=" " ind2=" ">
    <subfield code="b">BENT</subfield>
    <subfield code="p">39015071850734</subfield>
    <subfield code="z">Land use in Southeast Michigan, Washtenaw County, 1990-2000 2004</subfield>
  </datafield>
  <datafield tag="955" ind1=" " ind2=" ">
    <subfield code="b">BENT</subfield>
    <subfield code="p">39015071850742</subfield>
    <subfield code="z">Land use in Southeast Michigan, Wayne County, 1990-2000 2004</subfield>
  </datafield>
  <datafield tag="955" ind1=" " ind2=" ">
    <subfield code="b">BENT</subfield>
    <subfield code="p">39015071850759</subfield>
    <subfield code="z">The conditional land transfer act: research, reflections, and policy recommendations 2004</subfield>
  </datafield>
  <datafield tag="955" ind1=" " ind2=" ">
    <subfield code="b">BENT</subfield>
    <subfield code="p">39015071850767</subfield>
    <subfield code="z">2030 regional transportation plan for Southeast Michigan (draft) 2004</subfield>
  </datafield>
  <datafield tag="955" ind1=" " ind2=" ">
    <subfield code="b">BENT</subfield>
    <subfield code="p">39015071850775</subfield>
    <subfield code="z">2030 regional transportation plan for Southeast Michigan: project list (draft) 2004</subfield>
  </datafield>
  <datafield tag="955" ind1=" " ind2=" ">
    <subfield code="b">BENT</subfield>
    <subfield code="p">39015071850783</subfield>
    <subfield code="z">SEMCOG rain gauge network 2003 annual report 2004</subfield>
  </datafield>
  <datafield tag="955" ind1=" " ind2=" ">
    <subfield code="b">BENT</subfield>
    <subfield code="p">39015071850791</subfield>
    <subfield code="z">Population and households in Southeast Michigan, 2000-2004, 2004</subfield>
  </datafield>
  <datafield tag="955" ind1=" " ind2=" ">
    <subfield code="b">BENT</subfield>
    <subfield code="p">39015071850809</subfield>
    <subfield code="z">Profile of I-275 corridor communities: for the University of Michigan and Urban Land Instituteâs 18th annual real estate forum 2004</subfield>
  </datafield>
  <datafield tag="955" ind1=" " ind2=" ">
    <subfield code="b">BENT</subfield>
    <subfield code="p">39015071850817</subfield>
    <subfield code="z">Regional impact review proposed crosswinds communities planned community development Milan Township, Michigan 2004</subfield>
  </datafield>
  <datafield tag="955" ind1=" " ind2=" ">
    <subfield code="b">BENT</subfield>
    <subfield code="p">39015071850825</subfield>
    <subfield code="z">Migration and its impact on Southeast Michigan, 1990-2003 2004</subfield>
  </datafield>
  <datafield tag="955" ind1=" " ind2=" ">
    <subfield code="b">BENT</subfield>
    <subfield code="p">39015071850833</subfield>
    <subfield code="z">2030 regional transportation plan for Southeast Michigan: regional transportation needs 2004</subfield>
  </datafield>
  <datafield tag="955" ind1=" " ind2=" ">
    <subfield code="b">BENT</subfield>
    <subfield code="p">39015071850841</subfield>
    <subfield code="z">SEMCOG rain gauge network January-June 2005 report, October 2005</subfield>
  </datafield>
  <datafield tag="955" ind1=" " ind2=" ">
    <subfield code="b">BENT</subfield>
    <subfield code="p">39015071850858</subfield>
    <subfield code="z">Population and households in Southeast Michigan, 2000-2005, 2005</subfield>
  </datafield>
  <datafield tag="955" ind1=" " ind2=" ">
    <subfield code="b">BENT</subfield>
    <subfield code="p">39015071850866</subfield>
    <subfield code="z">Profile of Detroit beyond the Super Bowl, 2005</subfield>
  </datafield>
  <datafield tag="955" ind1=" " ind2=" ">
    <subfield code="b">BENT</subfield>
    <subfield code="p">39015071850874</subfield>
    <subfield code="z">A citizen's guide to transportation planning in southeast Michigan, 2005</subfield>
  </datafield>
  <datafield tag="955" ind1=" " ind2=" ">
    <subfield code="b">BENT</subfield>
    <subfield code="p">39015071850882</subfield>
    <subfield code="z">Annual work program completion report for fiscal year 2004-2005, 2005</subfield>
  </datafield>
  <datafield tag="955" ind1=" " ind2=" ">
    <subfield code="b">BENT</subfield>
    <subfield code="p">39015071850890</subfield>
    <subfield code="z">State and local government financing of essential services with user fees 2005</subfield>
  </datafield>
  <datafield tag="955" ind1=" " ind2=" ">
    <subfield code="b">BENT</subfield>
    <subfield code="p">39015071850908</subfield>
    <subfield code="z">SEMCOG annual operating budget and work program summary: fiscal year ending June 30, 2006; 2005</subfield>
  </datafield>
  <datafield tag="955" ind1=" " ind2=" ">
    <subfield code="b">BENT</subfield>
    <subfield code="p">39015071850916</subfield>
    <subfield code="z">Residential construction in Southeast Michigan, 2004, 2005</subfield>
  </datafield>
  <datafield tag="955" ind1=" " ind2=" ">
    <subfield code="b">BENT</subfield>
    <subfield code="p">39015071850924</subfield>
    <subfield code="z">Population and households in Southeast Michigan, 2000-2006, 2006</subfield>
  </datafield>
  <datafield tag="955" ind1=" " ind2=" ">
    <subfield code="b">BENT</subfield>
    <subfield code="p">39015071850932</subfield>
    <subfield code="z">MDOT freeway courtesy patrol in Southeast Michigan: 2005 evaluation report, 2006</subfield>
  </datafield>
  <datafield tag="955" ind1=" " ind2=" ">
    <subfield code="b">BENT</subfield>
    <subfield code="p">39015071850940</subfield>
    <subfield code="z">Funding resources for investing in the transportation system of Southeast Michigan 2006</subfield>
  </datafield>
  <datafield tag="955" ind1=" " ind2=" ">
    <subfield code="b">BENT</subfield>
    <subfield code="p">39015071850957</subfield>
    <subfield code="z">Asset management road condition report, 2005, August 2006</subfield>
  </datafield>
  <datafield tag="955" ind1=" " ind2=" ">
    <subfield code="b">BENT</subfield>
    <subfield code="p">39015071850965</subfield>
    <subfield code="z">2005 Southeast Michigan traffic crash facts, 2006</subfield>
  </datafield>
  <datafield tag="955" ind1=" " ind2=" ">
    <subfield code="b">BENT</subfield>
    <subfield code="p">39015071850973</subfield>
    <subfield code="z">Residential construction in Southeast Michigan, 2005, 2006</subfield>
  </datafield>
  <datafield tag="955" ind1=" " ind2=" ">
    <subfield code="b">BENT</subfield>
    <subfield code="p">39015071850981</subfield>
    <subfield code="z">2004 Southeast Michigan traffic crash facts, 2006</subfield>
  </datafield>
  <datafield tag="955" ind1=" " ind2=" ">
    <subfield code="b">BENT</subfield>
    <subfield code="p">39015071850999</subfield>
    <subfield code="z">Building stronger communities: the community development block grant in Michigan, 2006</subfield>
  </datafield>
  <datafield tag="955" ind1=" " ind2=" ">
    <subfield code="b">BENT</subfield>
    <subfield code="p">39015071851005</subfield>
    <subfield code="z">Regional concept for transportation operations (RCTO) final report: southeast Michigan experience, 2007</subfield>
  </datafield>
  <datafield tag="955" ind1=" " ind2=" ">
    <subfield code="b">BENT</subfield>
    <subfield code="p">39015071851013</subfield>
    <subfield code="z">Regional concept for transportation operations (RCTO) for southeast Michigan, 2007</subfield>
  </datafield>
  <datafield tag="955" ind1=" " ind2=" ">
    <subfield code="b">BENT</subfield>
    <subfield code="p">39015071851021</subfield>
    <subfield code="z">American community survey profile, Michigan, 2005, 2007</subfield>
  </datafield>
  <datafield tag="955" ind1=" " ind2=" ">
    <subfield code="b">BENT</subfield>
    <subfield code="p">39015071851039</subfield>
    <subfield code="z">Passenger vehicles and air pollution: a profile of southeast Michigan's fleet, 2008</subfield>
  </datafield>
  <datafield tag="955" ind1=" " ind2=" ">
    <subfield code="b">BENT</subfield>
    <subfield code="p">39015071851047</subfield>
    <subfield code="z">Status of bridges in southeast Michigan, 2006, 2008</subfield>
  </datafield>
  <datafield tag="955" ind1=" " ind2=" ">
    <subfield code="b">BENT</subfield>
    <subfield code="p">39015071851054</subfield>
    <subfield code="z">Investment in Reducing Combined Sewer Overflows Pays Dividends (Sept. 2008)</subfield>
  </datafield>
  <datafield tag="955" ind1=" " ind2=" ">
    <subfield code="b">BENT</subfield>
    <subfield code="p">39015071851062</subfield>
    <subfield code="z">Population and Households in Southeast Michigan, 2000-2008, Sept. 2008</subfield>
  </datafield>
  <datafield tag="955" ind1=" " ind2=" ">
    <subfield code="b">BENT</subfield>
    <subfield code="p">39015071851070</subfield>
    <subfield code="z">Redevelopment capacity in the city of Detroit, 2008</subfield>
  </datafield>
  <datafield tag="955" ind1=" " ind2=" ">
    <subfield code="b">BENT</subfield>
    <subfield code="p">39015071851088</subfield>
    <subfield code="z">Fiscal capacity of Southeast Michigan communities: taxable value and its implications, 2008</subfield>
  </datafield>
  <datafield tag="955" ind1=" " ind2=" ">
    <subfield code="b">BENT</subfield>
    <subfield code="p">39015071851096</subfield>
    <subfield code="z">Asset management road condition report, 2006, December 2008</subfield>
  </datafield>
  <datafield tag="955" ind1=" " ind2=" ">
    <subfield code="b">BENT</subfield>
    <subfield code="p">39015071851104</subfield>
    <subfield code="z">Asset management road condition report, 2007, December 2008</subfield>
  </datafield>
  <datafield tag="955" ind1=" " ind2=" ">
    <subfield code="b">BENT</subfield>
    <subfield code="p">39015071851112</subfield>
    <subfield code="z">SEMCOG 2035 forecast population by age group by school district (January 2009)</subfield>
  </datafield>
  <datafield tag="955" ind1=" " ind2=" ">
    <subfield code="b">BENT</subfield>
    <subfield code="p">39015071851120</subfield>
    <subfield code="z">MDOT freeway courtesy patrol in Southeast Michigan: FY 2008 evaluation report, 2009</subfield>
  </datafield>
  <datafield tag="955" ind1=" " ind2=" ">
    <subfield code="b">BENT</subfield>
    <subfield code="p">39015071851138</subfield>
    <subfield code="z">Residential construction in Southeast Michigan, 2008, 2009</subfield>
  </datafield>
  <datafield tag="955" ind1=" " ind2=" ">
    <subfield code="b">BENT</subfield>
    <subfield code="p">39015071851146</subfield>
    <subfield code="z">Nonresidential development in Southeast Michigan, summary 2008, 2009</subfield>
  </datafield>
  <datafield tag="955" ind1=" " ind2=" ">
    <subfield code="b">BENT</subfield>
    <subfield code="p">39015071851153</subfield>
    <subfield code="z">Miscellaneous: Perspective on progress: Bikeways to people movers, 1978</subfield>
  </datafield>
  <datafield tag="955" ind1=" " ind2=" ">
    <subfield code="b">BENT</subfield>
    <subfield code="p">39015071851161</subfield>
    <subfield code="z">Miscellaneous: Perspective on progress, 1980</subfield>
  </datafield>
  <datafield tag="955" ind1=" " ind2=" ">
    <subfield code="b">BENT</subfield>
    <subfield code="p">39015071851179</subfield>
    <subfield code="z">Miscellaneous: Perspective on progress, 1977</subfield>
  </datafield>
  <datafield tag="955" ind1=" " ind2=" ">
    <subfield code="b">BENT</subfield>
    <subfield code="p">39015071851187</subfield>
    <subfield code="z">Miscellaneous: Refuse disposal plan for the Detroit region, n.d.</subfield>
  </datafield>
  <datafield tag="955" ind1=" " ind2=" ">
    <subfield code="b">BENT</subfield>
    <subfield code="p">39015071851195</subfield>
    <subfield code="z">Miscellaneous: You and your mobility, 1974</subfield>
  </datafield>
  <datafield tag="955" ind1=" " ind2=" ">
    <subfield code="b">BENT</subfield>
    <subfield code="p">39015071851203</subfield>
    <subfield code="z">Miscellaneous: Some light on Michigan's state-wide transportation bond proposal, 1974</subfield>
  </datafield>
  <datafield tag="955" ind1=" " ind2=" ">
    <subfield code="b">BENT</subfield>
    <subfield code="p">39015071851211</subfield>
    <subfield code="z">Miscellaneous: SEMCOG online, 1996</subfield>
  </datafield>
  <datafield tag="955" ind1=" " ind2=" ">
    <subfield code="b">BENT</subfield>
    <subfield code="p">39015071851229</subfield>
    <subfield code="z">Detroit Metropolitan Area Regional Planning Commission, report for 1962</subfield>
  </datafield>
  <datafield tag="955" ind1=" " ind2=" ">
    <subfield code="b">BENT</subfield>
    <subfield code="p">B1062058</subfield>
  </datafield>
  <controlfield tag="001">002746951</controlfield>
  <controlfield tag="005">20111024134936.0</controlfield>
  <controlfield tag="008">940131i19492010miu^^^^^^^^^^c000^0^eng^d</controlfield>
  <datafield tag="035" ind1=" " ind2=" ">
    <subfield code="a">(RLIN)MIUV91-B453</subfield>
  </datafield>
  <datafield tag="035" ind1=" " ind2=" ">
    <subfield code="a">(OCoLC)702899198</subfield>
  </datafield>
  <datafield tag="040" ind1=" " ind2=" ">
    <subfield code="a">MiU-H</subfield>
    <subfield code="c">MiU-H</subfield>
  </datafield>
  <datafield tag="110" ind1="2" ind2=" ">
    <subfield code="a">Southeast Michigan Council of Governments.</subfield>
  </datafield>
  <datafield tag="245" ind1="1" ind2="0">
    <subfield code="a">[Southeast Michigan Council of Governments publications].</subfield>
  </datafield>
  <datafield tag="260" ind1=" " ind2=" ">
    <subfield code="a">Detroit, Mich. :</subfield>
    <subfield code="b">The Council,</subfield>
    <subfield code="c">1949-1992, 1997-2010</subfield>
  </datafield>
  <datafield tag="300" ind1=" " ind2=" ">
    <subfield code="a">3.5 linear feet.</subfield>
  </datafield>
  <datafield tag="500" ind1=" " ind2=" ">
    <subfield code="a">Also includes publications of predecessor organization Detroit Metropolitan Area Regional Planning Commission.</subfield>
  </datafield>
  <datafield tag="555" ind1="0" ind2=" ">
    <subfield code="a">Finding aid in the library.</subfield>
  </datafield>
  <datafield tag="555" ind1="0" ind2=" ">
    <subfield code="a">Finding aid via World Wide Web at URL: http://quod.lib.umich.edu/cgi/f/findaid/findaid-idx?c=bhlead&amp;idno=umich-bhl-98118</subfield>
  </datafield>
  <datafield tag="610" ind1="2" ind2="0">
    <subfield code="a">Southeast Michigan Council of Governments.</subfield>
  </datafield>
  <datafield tag="610" ind1="2" ind2="0">
    <subfield code="a">Detroit Metropolitan Area Regional Planning Commission.</subfield>
  </datafield>
  <datafield tag="650" ind1=" " ind2="0">
    <subfield code="a">Regional planning</subfield>
    <subfield code="z">Michigan, Southeastern.</subfield>
  </datafield>
  <datafield tag="650" ind1=" " ind2="0">
    <subfield code="a">Transportation</subfield>
    <subfield code="z">Michigan, Southeastern</subfield>
    <subfield code="x">Planning.</subfield>
  </datafield>
  <datafield tag="650" ind1=" " ind2="0">
    <subfield code="a">Water quality</subfield>
    <subfield code="z">Michigan, Southeastern</subfield>
    <subfield code="x">Planning.</subfield>
  </datafield>
  <datafield tag="650" ind1=" " ind2="0">
    <subfield code="a">Housing</subfield>
    <subfield code="z">Michigan, Southeastern.</subfield>
  </datafield>
  <datafield tag="710" ind1="2" ind2=" ">
    <subfield code="a">Detroit Metropolitan Area Regional Planning Commission.</subfield>
  </datafield>
  <datafield tag="856" ind1="4" ind2="2">
    <subfield code="3">Finding aid:</subfield>
    <subfield code="u">http://quod.lib.umich.edu/cgi/f/findaid/findaid-idx?c=bhlead&amp;idno=umich-bhl-98118</subfield>
  </datafield>
  <datafield tag="852" ind1="8" ind2=" ">
    <subfield code="a">MiU-H</subfield>
    <subfield code="b">BENT</subfield>
    <subfield code="h">98118 Fm 2 Box 1</subfield>
  </datafield>
  <datafield tag="852" ind1="8" ind2=" ">
    <subfield code="a">MiU-H</subfield>
    <subfield code="b">BENT</subfield>
    <subfield code="h">98118 Fm 2 Box 3</subfield>
  </datafield>
  <datafield tag="852" ind1="8" ind2=" ">
    <subfield code="a">MiU-H</subfield>
    <subfield code="b">BENT</subfield>
    <subfield code="h">98118 Fm 2 Box 2</subfield>
  </datafield>
  <datafield tag="998" ind1=" " ind2=" ">
    <subfield code="c">LAC</subfield>
    <subfield code="s">9114</subfield>
  </datafield>
  <datafield tag="955" ind1=" " ind2=" ">
    <subfield code="b">BENT</subfield>
    <subfield code="p">39015071848704</subfield>
    <subfield code="z">Annual report 1965/1966</subfield>
  </datafield>
  <datafield tag="955" ind1=" " ind2=" ">
    <subfield code="b">BENT</subfield>
    <subfield code="p">39015071848712</subfield>
    <subfield code="z">Annual report 1964</subfield>
  </datafield>
  <datafield tag="955" ind1=" " ind2=" ">
    <subfield code="b">BENT</subfield>
    <subfield code="p">39015071848720</subfield>
    <subfield code="z">Annual report 1963</subfield>
  </datafield>
  <datafield tag="955" ind1=" " ind2=" ">
    <subfield code="b">BENT</subfield>
    <subfield code="p">39015071848738</subfield>
    <subfield code="z">Annual report 1958</subfield>
  </datafield>
  <datafield tag="955" ind1=" " ind2=" ">
    <subfield code="b">BENT</subfield>
    <subfield code="p">39015071848746</subfield>
    <subfield code="z">Annual report 1951</subfield>
  </datafield>
  <datafield tag="955" ind1=" " ind2=" ">
    <subfield code="b">BENT</subfield>
    <subfield code="p">39015071848753</subfield>
    <subfield code="z">Annual report 1950</subfield>
  </datafield>
  <datafield tag="955" ind1=" " ind2=" ">
    <subfield code="b">BENT</subfield>
    <subfield code="p">39015071848761</subfield>
    <subfield code="z">Annual report 1949</subfield>
  </datafield>
  <datafield tag="955" ind1=" " ind2=" ">
    <subfield code="b">BENT</subfield>
    <subfield code="p">39015071848779</subfield>
    <subfield code="z">From TALUS to you April 1969</subfield>
  </datafield>
  <datafield tag="955" ind1=" " ind2=" ">
    <subfield code="b">BENT</subfield>
    <subfield code="p">39015071848787</subfield>
    <subfield code="z">From TALUS to you June 1969</subfield>
  </datafield>
  <datafield tag="955" ind1=" " ind2=" ">
    <subfield code="b">BENT</subfield>
    <subfield code="p">39015071848795</subfield>
    <subfield code="z">Population and occupied housing units... 1995 (in Southeast Michigan)</subfield>
  </datafield>
  <datafield tag="955" ind1=" " ind2=" ">
    <subfield code="b">BENT</subfield>
    <subfield code="p">39015071848803</subfield>
    <subfield code="z">Population and occupied housing units... 1993 (in Southeast Michigan)</subfield>
  </datafield>
  <datafield tag="955" ind1=" " ind2=" ">
    <subfield code="b">BENT</subfield>
    <subfield code="p">39015071848811</subfield>
    <subfield code="z">Housing bulletin Sept. 1970, no. 4</subfield>
  </datafield>
  <datafield tag="955" ind1=" " ind2=" ">
    <subfield code="b">BENT</subfield>
    <subfield code="p">39015071848829</subfield>
    <subfield code="z">Microscope v.1, no.1, Aug 1979</subfield>
  </datafield>
  <datafield tag="955" ind1=" " ind2=" ">
    <subfield code="b">BENT</subfield>
    <subfield code="p">39015071848837</subfield>
    <subfield code="z">Microscope v.2, no.1, Jan 1980</subfield>
  </datafield>
  <datafield tag="955" ind1=" " ind2=" ">
    <subfield code="b">BENT</subfield>
    <subfield code="p">39015071848845</subfield>
    <subfield code="z">Population and occupied housing units... 1992 (in Southeast Michigan)</subfield>
  </datafield>
  <datafield tag="955" ind1=" " ind2=" ">
    <subfield code="b">BENT</subfield>
    <subfield code="p">39015071848852</subfield>
    <subfield code="z">Population and occupied dwelling units... 1978 (in Southeast Michigan)</subfield>
  </datafield>
  <datafield tag="955" ind1=" " ind2=" ">
    <subfield code="b">BENT</subfield>
    <subfield code="p">39015071848860</subfield>
    <subfield code="z">Population and occupied dwelling units... 1975 (in Southeast Michigan)</subfield>
  </datafield>
  <datafield tag="955" ind1=" " ind2=" ">
    <subfield code="b">BENT</subfield>
    <subfield code="p">39015071848878</subfield>
    <subfield code="z">Population and occupied dwelling units... 1974 (in Southeast Michigan)</subfield>
  </datafield>
  <datafield tag="955" ind1=" " ind2=" ">
    <subfield code="b">BENT</subfield>
    <subfield code="p">39015071848886</subfield>
    <subfield code="z">Population and occupied dwelling units... 1973 (in Southeast Michigan)</subfield>
  </datafield>
  <datafield tag="955" ind1=" " ind2=" ">
    <subfield code="b">BENT</subfield>
    <subfield code="p">39015071848894</subfield>
    <subfield code="z">Population and occupied dwelling units... 1972 July (in Southeast Michigan)</subfield>
  </datafield>
  <datafield tag="955" ind1=" " ind2=" ">
    <subfield code="b">BENT</subfield>
    <subfield code="p">39015071848902</subfield>
    <subfield code="z">Population and occupied dwelling units... 1972 (First 6 months; dwelling units only)</subfield>
  </datafield>
  <datafield tag="955" ind1=" " ind2=" ">
    <subfield code="b">BENT</subfield>
    <subfield code="p">39015071848910</subfield>
    <subfield code="z">Population and occupied dwelling units... 1971 Aug. (First 6 months; dwelling units only; in Southeast Michigan)</subfield>
  </datafield>
  <datafield tag="955" ind1=" " ind2=" ">
    <subfield code="b">BENT</subfield>
    <subfield code="p">39015071848928</subfield>
    <subfield code="z">Population and occupied dwelling units... 1969 July (in the Detroit region)</subfield>
  </datafield>
  <datafield tag="955" ind1=" " ind2=" ">
    <subfield code="b">BENT</subfield>
    <subfield code="p">39015071848936</subfield>
    <subfield code="z">Population and occupied dwelling units... 1968 July (in the Detroit region)</subfield>
  </datafield>
  <datafield tag="955" ind1=" " ind2=" ">
    <subfield code="b">BENT</subfield>
    <subfield code="p">39015071848944</subfield>
    <subfield code="z">Population and occupied dwelling units... 1966 July (in the Detroit region)</subfield>
  </datafield>
  <datafield tag="955" ind1=" " ind2=" ">
    <subfield code="b">BENT</subfield>
    <subfield code="p">39015071848951</subfield>
    <subfield code="z">Population and occupied dwelling units... 1968 Mar. (in the Detroit region)</subfield>
  </datafield>
  <datafield tag="955" ind1=" " ind2=" ">
    <subfield code="b">BENT</subfield>
    <subfield code="p">39015071848969</subfield>
    <subfield code="z">Population and occupied dwelling units... 1965 July (in the Detroit region)</subfield>
  </datafield>
  <datafield tag="955" ind1=" " ind2=" ">
    <subfield code="b">BENT</subfield>
    <subfield code="p">39015071848977</subfield>
    <subfield code="z">Population and occupied dwelling units... 1964 November (in the Detroit region)</subfield>
  </datafield>
  <datafield tag="955" ind1=" " ind2=" ">
    <subfield code="b">BENT</subfield>
    <subfield code="p">39015071848985</subfield>
    <subfield code="z">Population and occupied dwelling units... 1963 July (in the Detroit region)</subfield>
  </datafield>
  <datafield tag="955" ind1=" " ind2=" ">
    <subfield code="b">BENT</subfield>
    <subfield code="p">39015071848993</subfield>
    <subfield code="z">Population and occupied dwelling units... 1962 July (Detroit region)</subfield>
  </datafield>
  <datafield tag="955" ind1=" " ind2=" ">
    <subfield code="b">BENT</subfield>
    <subfield code="p">39015071849009</subfield>
    <subfield code="z">Population and occupied dwelling units... 1959 July (in the Detroit region)</subfield>
  </datafield>
  <datafield tag="955" ind1=" " ind2=" ">
    <subfield code="b">BENT</subfield>
    <subfield code="p">39015071849017</subfield>
    <subfield code="z">Population and occupied dwelling units... 1958 July (in the Detroit region)</subfield>
  </datafield>
  <datafield tag="955" ind1=" " ind2=" ">
    <subfield code="b">BENT</subfield>
    <subfield code="p">39015071849025</subfield>
    <subfield code="z">Population and occupied dwelling units... 1956 Feb. (Detroit region)</subfield>
  </datafield>
  <datafield tag="955" ind1=" " ind2=" ">
    <subfield code="b">BENT</subfield>
    <subfield code="p">39015071849033</subfield>
    <subfield code="z">Regional reporter 1972 (Nov.)</subfield>
  </datafield>
  <datafield tag="955" ind1=" " ind2=" ">
    <subfield code="b">BENT</subfield>
    <subfield code="p">39015071849041</subfield>
    <subfield code="z">Regional reporter 1970 (no. 73)</subfield>
  </datafield>
  <datafield tag="955" ind1=" " ind2=" ">
    <subfield code="b">BENT</subfield>
    <subfield code="p">39015071849058</subfield>
    <subfield code="z">Regional reporter 1966 (no. 59)</subfield>
  </datafield>
  <datafield tag="955" ind1=" " ind2=" ">
    <subfield code="b">BENT</subfield>
    <subfield code="p">39015071849066</subfield>
    <subfield code="z">Regional reporter 1966 (no. 57)</subfield>
  </datafield>
  <datafield tag="955" ind1=" " ind2=" ">
    <subfield code="b">BENT</subfield>
    <subfield code="p">39015071849074</subfield>
    <subfield code="z">Regional reporter 1965 (no. 53)</subfield>
  </datafield>
  <datafield tag="955" ind1=" " ind2=" ">
    <subfield code="b">BENT</subfield>
    <subfield code="p">39015071849082</subfield>
    <subfield code="z">Regional reporter 1965 (no. 52)</subfield>
  </datafield>
  <datafield tag="955" ind1=" " ind2=" ">
    <subfield code="b">BENT</subfield>
    <subfield code="p">39015071849090</subfield>
    <subfield code="z">Regional reporter 1962 (no. 40)</subfield>
  </datafield>
  <datafield tag="955" ind1=" " ind2=" ">
    <subfield code="b">BENT</subfield>
    <subfield code="p">39015071849108</subfield>
    <subfield code="z">Regional reporter 1961 (no. 39)</subfield>
  </datafield>
  <datafield tag="955" ind1=" " ind2=" ">
    <subfield code="b">BENT</subfield>
    <subfield code="p">39015071849116</subfield>
    <subfield code="z">Regional reporter 1961 (no. 38)</subfield>
  </datafield>
  <datafield tag="955" ind1=" " ind2=" ">
    <subfield code="b">BENT</subfield>
    <subfield code="p">39015071849124</subfield>
    <subfield code="z">Regional reporter 1958 (no. 24)</subfield>
  </datafield>
  <datafield tag="955" ind1=" " ind2=" ">
    <subfield code="b">BENT</subfield>
    <subfield code="p">39015071849132</subfield>
    <subfield code="z">Regional reporter 1957 (no. 20)</subfield>
  </datafield>
  <datafield tag="955" ind1=" " ind2=" ">
    <subfield code="b">BENT</subfield>
    <subfield code="p">39015071849140</subfield>
    <subfield code="z">Regional reporter 1955 (no. 14)</subfield>
  </datafield>
  <datafield tag="955" ind1=" " ind2=" ">
    <subfield code="b">BENT</subfield>
    <subfield code="p">39015071849157</subfield>
    <subfield code="z">SEM Council data digest 1973</subfield>
  </datafield>
  <datafield tag="955" ind1=" " ind2=" ">
    <subfield code="b">BENT</subfield>
    <subfield code="p">39015071849165</subfield>
    <subfield code="z">SEM Council data digest 1972</subfield>
  </datafield>
  <datafield tag="955" ind1=" " ind2=" ">
    <subfield code="b">BENT</subfield>
    <subfield code="p">39015071849173</subfield>
    <subfield code="z">SEM Council digest v.2, no.1, 1973:Jan.</subfield>
  </datafield>
  <datafield tag="955" ind1=" " ind2=" ">
    <subfield code="b">BENT</subfield>
    <subfield code="p">39015071849181</subfield>
    <subfield code="z">Industrial decentralization, Detroit region 1940-1950 (projection to 1970), by Paul M. Reid 1951</subfield>
  </datafield>
  <datafield tag="955" ind1=" " ind2=" ">
    <subfield code="b">BENT</subfield>
    <subfield code="p">39015071849199</subfield>
    <subfield code="z">Regional and local planning (Planning thoughts no. 2) 1949</subfield>
  </datafield>
  <datafield tag="955" ind1=" " ind2=" ">
    <subfield code="b">BENT</subfield>
    <subfield code="p">39015071849207</subfield>
    <subfield code="z">The planning board's job (Planning thoughts no. 1) 1949</subfield>
  </datafield>
  <datafield tag="955" ind1=" " ind2=" ">
    <subfield code="b">BENT</subfield>
    <subfield code="p">39015071849215</subfield>
    <subfield code="z">Features of industrial location in the Detroit region 1958</subfield>
  </datafield>
  <datafield tag="955" ind1=" " ind2=" ">
    <subfield code="b">BENT</subfield>
    <subfield code="p">39015071849223</subfield>
    <subfield code="z">Progress in regional planning 1958</subfield>
  </datafield>
  <datafield tag="955" ind1=" " ind2=" ">
    <subfield code="b">BENT</subfield>
    <subfield code="p">39015071849231</subfield>
    <subfield code="z">Suburban shopping centers Detroit region 1956</subfield>
  </datafield>
  <datafield tag="955" ind1=" " ind2=" ">
    <subfield code="b">BENT</subfield>
    <subfield code="p">39015071849249</subfield>
    <subfield code="z">Master planning and the law 1957</subfield>
  </datafield>
  <datafield tag="955" ind1=" " ind2=" ">
    <subfield code="b">BENT</subfield>
    <subfield code="p">39015071849256</subfield>
    <subfield code="z">Progress report--waterfront land use plan 1955</subfield>
  </datafield>
  <datafield tag="955" ind1=" " ind2=" ">
    <subfield code="b">BENT</subfield>
    <subfield code="p">39015071849264</subfield>
    <subfield code="z">Home location pattern of industrial workers in the Detroit region 1955</subfield>
  </datafield>
  <datafield tag="955" ind1=" " ind2=" ">
    <subfield code="b">BENT</subfield>
    <subfield code="p">39015071849272</subfield>
    <subfield code="z">1958 Land Use in the Detroit Region, August 1959</subfield>
  </datafield>
  <datafield tag="955" ind1=" " ind2=" ">
    <subfield code="b">BENT</subfield>
    <subfield code="p">39015071849280</subfield>
    <subfield code="z">Employment of Women in the Detroit Region, November 1959</subfield>
  </datafield>
  <datafield tag="955" ind1=" " ind2=" ">
    <subfield code="b">BENT</subfield>
    <subfield code="p">39015071849298</subfield>
    <subfield code="z">1970-1980 population projections in the Detroit region, June 1963</subfield>
  </datafield>
  <datafield tag="955" ind1=" " ind2=" ">
    <subfield code="b">BENT</subfield>
    <subfield code="p">39015071849306</subfield>
    <subfield code="z">Detroit Metropolitan Area Regional Planning Commission, report for 1963</subfield>
  </datafield>
  <datafield tag="955" ind1=" " ind2=" ">
    <subfield code="b">BENT</subfield>
    <subfield code="p">39015071849314</subfield>
    <subfield code="z">Detroit Metropolitan Area Regional Planning Commission, report for 1960-1961</subfield>
  </datafield>
  <datafield tag="955" ind1=" " ind2=" ">
    <subfield code="b">BENT</subfield>
    <subfield code="p">39015071849322</subfield>
    <subfield code="z">Regional recreational lands plan, June 1960</subfield>
  </datafield>
  <datafield tag="955" ind1=" " ind2=" ">
    <subfield code="b">BENT</subfield>
    <subfield code="p">39015071849330</subfield>
    <subfield code="z">Part 3: Recreation in the Detroit region, 1960</subfield>
  </datafield>
  <datafield tag="955" ind1=" " ind2=" ">
    <subfield code="b">BENT</subfield>
    <subfield code="p">39015071849348</subfield>
    <subfield code="z">Conference papers: 12th annual planning conference (Recreational planning conference papers: title page missing) 1962</subfield>
  </datafield>
  <datafield tag="955" ind1=" " ind2=" ">
    <subfield code="b">BENT</subfield>
    <subfield code="p">39015071849355</subfield>
    <subfield code="z">Off-rail industrial lands plan for the Detroit region 1961</subfield>
  </datafield>
  <datafield tag="955" ind1=" " ind2=" ">
    <subfield code="b">BENT</subfield>
    <subfield code="p">39015071849363</subfield>
    <subfield code="z">Home survey of regional recreation activities 1960</subfield>
  </datafield>
  <datafield tag="955" ind1=" " ind2=" ">
    <subfield code="b">BENT</subfield>
    <subfield code="p">39015071849371</subfield>
    <subfield code="z">Study design for a comprehensive transportation and land use program for the Detroit region, November 1964</subfield>
  </datafield>
  <datafield tag="955" ind1=" " ind2=" ">
    <subfield code="b">BENT</subfield>
    <subfield code="p">39015071849389</subfield>
    <subfield code="z">Detroit region dwelling unit report based on residential units authorized first six months 1964</subfield>
  </datafield>
  <datafield tag="955" ind1=" " ind2=" ">
    <subfield code="b">BENT</subfield>
    <subfield code="p">39015071849397</subfield>
    <subfield code="z">Regional reporter 1964 (no. 51)</subfield>
  </datafield>
  <datafield tag="955" ind1=" " ind2=" ">
    <subfield code="b">BENT</subfield>
    <subfield code="p">39015071849405</subfield>
    <subfield code="z">Study design for a comprehensive transportation and land use program for the Detroit region,1964 (revised 1965)</subfield>
  </datafield>
  <datafield tag="955" ind1=" " ind2=" ">
    <subfield code="b">BENT</subfield>
    <subfield code="p">39015071849413</subfield>
    <subfield code="z">Detroit Metropolitan Area Regional Planning Commission, conference papers, 1965</subfield>
  </datafield>
  <datafield tag="955" ind1=" " ind2=" ">
    <subfield code="b">BENT</subfield>
    <subfield code="p">39015071849421</subfield>
    <subfield code="z">1964 residential construction in the Detroit region, January 1965</subfield>
  </datafield>
  <datafield tag="955" ind1=" " ind2=" ">
    <subfield code="b">BENT</subfield>
    <subfield code="p">39015071849439</subfield>
    <subfield code="z">Residential construction in the Detroit region 1966</subfield>
  </datafield>
  <datafield tag="955" ind1=" " ind2=" ">
    <subfield code="b">BENT</subfield>
    <subfield code="p">39015071849447</subfield>
    <subfield code="z">Regional reporter 1967 (no. 60)</subfield>
  </datafield>
  <datafield tag="955" ind1=" " ind2=" ">
    <subfield code="b">BENT</subfield>
    <subfield code="p">39015071849454</subfield>
    <subfield code="z">Guidelines for levels of function and responsibility for public outdoor recreation in southeastern Michigan, 1966</subfield>
  </datafield>
  <datafield tag="955" ind1=" " ind2=" ">
    <subfield code="b">BENT</subfield>
    <subfield code="p">39015071849462</subfield>
    <subfield code="z">Detroit Metropolitan Area Regional Planning Commission, conference papers, 1967</subfield>
  </datafield>
  <datafield tag="955" ind1=" " ind2=" ">
    <subfield code="b">BENT</subfield>
    <subfield code="p">39015071849470</subfield>
    <subfield code="z">Planning activity in the Detroit region  January 1, 1967</subfield>
  </datafield>
  <datafield tag="955" ind1=" " ind2=" ">
    <subfield code="b">BENT</subfield>
    <subfield code="p">39015071849488</subfield>
    <subfield code="z">Residential land development in the Detroit region 1960-1966, April 1967</subfield>
  </datafield>
  <datafield tag="955" ind1=" " ind2=" ">
    <subfield code="b">BENT</subfield>
    <subfield code="p">39015071849496</subfield>
    <subfield code="z">Regional planning, 1965-66 1966</subfield>
  </datafield>
  <datafield tag="955" ind1=" " ind2=" ">
    <subfield code="b">BENT</subfield>
    <subfield code="p">39015071849504</subfield>
    <subfield code="z">TALUS and tomorrow 1968</subfield>
  </datafield>
  <datafield tag="955" ind1=" " ind2=" ">
    <subfield code="b">BENT</subfield>
    <subfield code="p">39015071849512</subfield>
    <subfield code="z">A profile of Southeastern Michigan TALUS data 1968</subfield>
  </datafield>
  <datafield tag="955" ind1=" " ind2=" ">
    <subfield code="b">BENT</subfield>
    <subfield code="p">39015071849520</subfield>
    <subfield code="z">Flood plains reconnaissance study for the Detroit region 1966</subfield>
  </datafield>
  <datafield tag="955" ind1=" " ind2=" ">
    <subfield code="b">BENT</subfield>
    <subfield code="p">39015071849538</subfield>
    <subfield code="z">Digest of existing and proposed state and federal laws related to regional planning in Southeast Michigan 1966</subfield>
  </datafield>
  <datafield tag="955" ind1=" " ind2=" ">
    <subfield code="b">BENT</subfield>
    <subfield code="p">39015071849546</subfield>
    <subfield code="z">Living patterns and attitudes in the Detroit region, 1967</subfield>
  </datafield>
  <datafield tag="955" ind1=" " ind2=" ">
    <subfield code="b">BENT</subfield>
    <subfield code="p">39015071849553</subfield>
    <subfield code="z">Environmental studies: design resources, 1967</subfield>
  </datafield>
  <datafield tag="955" ind1=" " ind2=" ">
    <subfield code="b">BENT</subfield>
    <subfield code="p">39015071849561</subfield>
    <subfield code="z">Environmental studies: natural resources, 1967</subfield>
  </datafield>
  <datafield tag="955" ind1=" " ind2=" ">
    <subfield code="b">BENT</subfield>
    <subfield code="p">39015071849579</subfield>
    <subfield code="z">Growth, Change,...and a Choice for 1990, v.2, 1969</subfield>
  </datafield>
  <datafield tag="955" ind1=" " ind2=" ">
    <subfield code="b">BENT</subfield>
    <subfield code="p">39015071849587</subfield>
    <subfield code="z">Growth, Change,...and a Choice for 1990, v.1, 1969</subfield>
  </datafield>
  <datafield tag="955" ind1=" " ind2=" ">
    <subfield code="b">BENT</subfield>
    <subfield code="p">39015071849595</subfield>
    <subfield code="z">State-local relations in southeast Michigan, 1970</subfield>
  </datafield>
  <datafield tag="955" ind1=" " ind2=" ">
    <subfield code="b">BENT</subfield>
    <subfield code="p">39015071849603</subfield>
    <subfield code="z">Inventory of drug abuse programs, 1970</subfield>
  </datafield>
  <datafield tag="955" ind1=" " ind2=" ">
    <subfield code="b">BENT</subfield>
    <subfield code="p">39015071849611</subfield>
    <subfield code="z">Planning activity in the Detroit region 1970</subfield>
  </datafield>
  <datafield tag="955" ind1=" " ind2=" ">
    <subfield code="b">BENT</subfield>
    <subfield code="p">39015071849629</subfield>
    <subfield code="z">1970 SEMCOG work program &amp; budget</subfield>
  </datafield>
  <datafield tag="955" ind1=" " ind2=" ">
    <subfield code="b">BENT</subfield>
    <subfield code="p">39015071849637</subfield>
    <subfield code="z">Regional publications and planning materials 1972</subfield>
  </datafield>
  <datafield tag="955" ind1=" " ind2=" ">
    <subfield code="b">BENT</subfield>
    <subfield code="p">39015071849645</subfield>
    <subfield code="z">Survey of manufactured housing available to Southeast Michigan 1971</subfield>
  </datafield>
  <datafield tag="955" ind1=" " ind2=" ">
    <subfield code="b">BENT</subfield>
    <subfield code="p">39015071849652</subfield>
    <subfield code="z">1970 census data, 1st count 1972</subfield>
  </datafield>
  <datafield tag="955" ind1=" " ind2=" ">
    <subfield code="b">BENT</subfield>
    <subfield code="p">39015071849660</subfield>
    <subfield code="z">Public high school districts in Southeast Michigan: Selected financial data 1971</subfield>
  </datafield>
  <datafield tag="955" ind1=" " ind2=" ">
    <subfield code="b">BENT</subfield>
    <subfield code="p">39015071849728</subfield>
    <subfield code="z">1990 regional recreation...plan for southeast michigan, 1974</subfield>
  </datafield>
  <datafield tag="955" ind1=" " ind2=" ">
    <subfield code="b">BENT</subfield>
    <subfield code="p">39015071849736</subfield>
    <subfield code="z">Draft summary statement for...1990 transportation plan, 1974</subfield>
  </datafield>
  <datafield tag="955" ind1=" " ind2=" ">
    <subfield code="b">BENT</subfield>
    <subfield code="p">39015071849744</subfield>
    <subfield code="z">Transportation 1990 1974</subfield>
  </datafield>
  <datafield tag="955" ind1=" " ind2=" ">
    <subfield code="b">BENT</subfield>
    <subfield code="p">39015071849751</subfield>
    <subfield code="z">Model flood plain, watercourse and wetland ordinance for townships 1974</subfield>
  </datafield>
  <datafield tag="955" ind1=" " ind2=" ">
    <subfield code="b">BENT</subfield>
    <subfield code="p">39015071849769</subfield>
    <subfield code="z">Transportation: an integrated highway-transit plan for Southeast Michigan 1975</subfield>
  </datafield>
  <datafield tag="955" ind1=" " ind2=" ">
    <subfield code="b">BENT</subfield>
    <subfield code="p">39015071849777</subfield>
    <subfield code="z">Procedures to evaluate the consistency of the regional transportation plan with the state implementation plan: draft 1975</subfield>
  </datafield>
  <datafield tag="955" ind1=" " ind2=" ">
    <subfield code="b">BENT</subfield>
    <subfield code="p">39015071849785</subfield>
    <subfield code="z">Energy and the regional transportation plan: a multi-modal energy analysis: draft 1975</subfield>
  </datafield>
  <datafield tag="955" ind1=" " ind2=" ">
    <subfield code="b">BENT</subfield>
    <subfield code="p">39015071849793</subfield>
    <subfield code="z">Social impacts of transportation: regional analysis of transportation needs of the disadvantaged: draft (Transportation working paper, no. 30) 1976</subfield>
  </datafield>
  <datafield tag="955" ind1=" " ind2=" ">
    <subfield code="b">BENT</subfield>
    <subfield code="p">39015071849801</subfield>
    <subfield code="z">Perspective on progress 1976</subfield>
  </datafield>
  <datafield tag="955" ind1=" " ind2=" ">
    <subfield code="b">BENT</subfield>
    <subfield code="p">39015071849819</subfield>
    <subfield code="z">Clean water for Southeast Michigan 1976</subfield>
  </datafield>
  <datafield tag="955" ind1=" " ind2=" ">
    <subfield code="b">BENT</subfield>
    <subfield code="p">39015071849827</subfield>
    <subfield code="z">Water quality in Southeast Michigan: an annotated bibliography 1976</subfield>
  </datafield>
  <datafield tag="955" ind1=" " ind2=" ">
    <subfield code="b">BENT</subfield>
    <subfield code="p">39015071849835</subfield>
    <subfield code="z">Legislative review...water quality management plan...1976</subfield>
  </datafield>
  <datafield tag="955" ind1=" " ind2=" ">
    <subfield code="b">BENT</subfield>
    <subfield code="p">39015071849843</subfield>
    <subfield code="z">An assessment of...system for managing...pollution...southeast Michigan region, 1976</subfield>
  </datafield>
  <datafield tag="955" ind1=" " ind2=" ">
    <subfield code="b">BENT</subfield>
    <subfield code="p">39015071849850</subfield>
    <subfield code="z">Water quality management plan for Southeast Michigan 1977</subfield>
  </datafield>
  <datafield tag="955" ind1=" " ind2=" ">
    <subfield code="b">BENT</subfield>
    <subfield code="p">39015071849868</subfield>
    <subfield code="z">Regional bikeway system plan: draft (v.2) 1977</subfield>
  </datafield>
  <datafield tag="955" ind1=" " ind2=" ">
    <subfield code="b">BENT</subfield>
    <subfield code="p">39015071849876</subfield>
    <subfield code="z">Regional bikeway system plan: draft (v.1) 1977</subfield>
  </datafield>
  <datafield tag="955" ind1=" " ind2=" ">
    <subfield code="b">BENT</subfield>
    <subfield code="p">39015071849884</subfield>
    <subfield code="z">Inland lake management concerns for Southeast Michigan (Environmental background paper, no. 26) 1977</subfield>
  </datafield>
  <datafield tag="955" ind1=" " ind2=" ">
    <subfield code="b">BENT</subfield>
    <subfield code="p">39015071849892</subfield>
    <subfield code="z">Downriver truck study, by Wilbur Smith and Associates 1977</subfield>
  </datafield>
  <datafield tag="955" ind1=" " ind2=" ">
    <subfield code="b">BENT</subfield>
    <subfield code="p">39015071849900</subfield>
    <subfield code="z">Water quality management system for southeast Michigan, 1977</subfield>
  </datafield>
  <datafield tag="955" ind1=" " ind2=" ">
    <subfield code="b">BENT</subfield>
    <subfield code="p">39015071849918</subfield>
    <subfield code="z">Approach to the selection...management...1977</subfield>
  </datafield>
  <datafield tag="955" ind1=" " ind2=" ">
    <subfield code="b">BENT</subfield>
    <subfield code="p">39015071849926</subfield>
    <subfield code="z">Discussion paper...water quality management, 1977</subfield>
  </datafield>
  <datafield tag="955" ind1=" " ind2=" ">
    <subfield code="b">BENT</subfield>
    <subfield code="p">39015071849934</subfield>
    <subfield code="z">Institutional analysis of water quality...programs...1977</subfield>
  </datafield>
  <datafield tag="955" ind1=" " ind2=" ">
    <subfield code="b">BENT</subfield>
    <subfield code="p">39015071849942</subfield>
    <subfield code="z">Nonpoint source management; background summary, 1978</subfield>
  </datafield>
  <datafield tag="955" ind1=" " ind2=" ">
    <subfield code="b">BENT</subfield>
    <subfield code="p">39015071849959</subfield>
    <subfield code="z">Water quality management plan for Southeast Michigan: environmental assessment summary: draft 1978, chapters 3, 4, 5</subfield>
  </datafield>
  <datafield tag="955" ind1=" " ind2=" ">
    <subfield code="b">BENT</subfield>
    <subfield code="p">39015071849967</subfield>
    <subfield code="z">Residuals management: background summary, 1978</subfield>
  </datafield>
  <datafield tag="955" ind1=" " ind2=" ">
    <subfield code="b">BENT</subfield>
    <subfield code="p">39015071849975</subfield>
    <subfield code="z">Municipal wastewater treatment facilities...1978</subfield>
  </datafield>
  <datafield tag="955" ind1=" " ind2=" ">
    <subfield code="b">BENT</subfield>
    <subfield code="p">39015071849983</subfield>
    <subfield code="z">Federal grant review process in Southeast Michigan (revised March 1978) 1978</subfield>
  </datafield>
  <datafield tag="955" ind1=" " ind2=" ">
    <subfield code="b">BENT</subfield>
    <subfield code="p">39015071849991</subfield>
    <subfield code="z">Clinton River water quality (Water quality memo, no. 21) 1978</subfield>
  </datafield>
  <datafield tag="955" ind1=" " ind2=" ">
    <subfield code="b">BENT</subfield>
    <subfield code="p">39015071850007</subfield>
    <subfield code="z">Clinton River water quality (Water quality memo, no. 21) 1978</subfield>
  </datafield>
  <datafield tag="955" ind1=" " ind2=" ">
    <subfield code="b">BENT</subfield>
    <subfield code="p">39015071850015</subfield>
    <subfield code="z">Description of proposed trip production model for home-based motor vehicle person trips 1978</subfield>
  </datafield>
  <datafield tag="955" ind1=" " ind2=" ">
    <subfield code="b">BENT</subfield>
    <subfield code="p">39015071850023</subfield>
    <subfield code="z">Huron River water quality (Water quality memo, no. 19) 1978</subfield>
  </datafield>
  <datafield tag="955" ind1=" " ind2=" ">
    <subfield code="b">BENT</subfield>
    <subfield code="p">39015071850031</subfield>
    <subfield code="z">Huron River water quality (Water quality memo, no. 20) 1978</subfield>
  </datafield>
  <datafield tag="955" ind1=" " ind2=" ">
    <subfield code="b">BENT</subfield>
    <subfield code="p">39015071850049</subfield>
    <subfield code="z">Regional bikeway policy plan: an element of the regional transportation plan for the Southeast Michigan region 1978</subfield>
  </datafield>
  <datafield tag="955" ind1=" " ind2=" ">
    <subfield code="b">BENT</subfield>
    <subfield code="p">39015071850056</subfield>
    <subfield code="z">River Rouge water quality (Water quality memo, no. 17), 1978</subfield>
  </datafield>
  <datafield tag="955" ind1=" " ind2=" ">
    <subfield code="b">BENT</subfield>
    <subfield code="p">39015071850064</subfield>
    <subfield code="z">River Rouge water quality (Water quality memo, no. 18), 1978</subfield>
  </datafield>
  <datafield tag="955" ind1=" " ind2=" ">
    <subfield code="b">BENT</subfield>
    <subfield code="p">39015071850072</subfield>
    <subfield code="z">Water quality management plan for Southeast Michigan: environmental assessment summary: draft 1978</subfield>
  </datafield>
  <datafield tag="955" ind1=" " ind2=" ">
    <subfield code="b">BENT</subfield>
    <subfield code="p">39015071850080</subfield>
    <subfield code="z">Regional transportation plan for Southeast Michigan: Highway and transit elements (amended Mar. 1978) 1978</subfield>
  </datafield>
  <datafield tag="955" ind1=" " ind2=" ">
    <subfield code="b">BENT</subfield>
    <subfield code="p">39015071850098</subfield>
    <subfield code="z">Water quality in Southeast Michigan: introduction 1978</subfield>
  </datafield>
  <datafield tag="955" ind1=" " ind2=" ">
    <subfield code="b">BENT</subfield>
    <subfield code="p">39015071850106</subfield>
    <subfield code="z">Federal grant review process in Southeast Michigan (revised March 1978) 1978</subfield>
  </datafield>
  <datafield tag="955" ind1=" " ind2=" ">
    <subfield code="b">BENT</subfield>
    <subfield code="p">39015071850114</subfield>
    <subfield code="z">Clean air, transportation and you 1980</subfield>
  </datafield>
  <datafield tag="955" ind1=" " ind2=" ">
    <subfield code="b">BENT</subfield>
    <subfield code="p">39015071850122</subfield>
    <subfield code="z">Executive summary for the regional transportation systems management plan: draft 1979</subfield>
  </datafield>
  <datafield tag="955" ind1=" " ind2=" ">
    <subfield code="b">BENT</subfield>
    <subfield code="p">39015071850130</subfield>
    <subfield code="z">Southeast Michigan: a profile of the region 1980</subfield>
  </datafield>
  <datafield tag="955" ind1=" " ind2=" ">
    <subfield code="b">BENT</subfield>
    <subfield code="p">39015071850148</subfield>
    <subfield code="z">The transition plan for Southeast Michigan 1980</subfield>
  </datafield>
  <datafield tag="955" ind1=" " ind2=" ">
    <subfield code="b">BENT</subfield>
    <subfield code="p">39015071850155</subfield>
    <subfield code="z">Economic development in southeast Michigan: a profile and inventory 1980</subfield>
  </datafield>
  <datafield tag="955" ind1=" " ind2=" ">
    <subfield code="b">BENT</subfield>
    <subfield code="p">39015071850163</subfield>
    <subfield code="z">Stormwater runoff control through natural drainage: cost savings and environmental benefits (Technical bulletin, no. 2) 1981</subfield>
  </datafield>
  <datafield tag="955" ind1=" " ind2=" ">
    <subfield code="b">BENT</subfield>
    <subfield code="p">39015071850171</subfield>
    <subfield code="z">Detention basin maintenance: program needs and financing options (Technical bulletin, no. 3) 1981</subfield>
  </datafield>
  <datafield tag="955" ind1=" " ind2=" ">
    <subfield code="b">BENT</subfield>
    <subfield code="p">39015071850189</subfield>
    <subfield code="z">Septic system management by local governments: planning, regulation, and maintenance (Technical bulletin, no. 4) 1981</subfield>
  </datafield>
  <datafield tag="955" ind1=" " ind2=" ">
    <subfield code="b">BENT</subfield>
    <subfield code="p">39015071850197</subfield>
    <subfield code="z">Protecting water quality through cluster development: financial incentives and community benefits (Technical bulletin, no. 5) 1981</subfield>
  </datafield>
  <datafield tag="955" ind1=" " ind2=" ">
    <subfield code="b">BENT</subfield>
    <subfield code="p">39015071850205</subfield>
    <subfield code="z">Conservation easements: tax incentives for private open space preservation (Technical bulletin, no. 6) 1981</subfield>
  </datafield>
  <datafield tag="955" ind1=" " ind2=" ">
    <subfield code="b">BENT</subfield>
    <subfield code="p">39015071850213</subfield>
    <subfield code="z">Performance zoning: an innovative approach to water quality protection and land use regulation (Technical bulletin, no. 7) 1981</subfield>
  </datafield>
  <datafield tag="955" ind1=" " ind2=" ">
    <subfield code="b">BENT</subfield>
    <subfield code="p">39015071850221</subfield>
    <subfield code="z">Effective stormwater management programs: case studies of local government experiences in Southeast Michigan 1981</subfield>
  </datafield>
  <datafield tag="955" ind1=" " ind2=" ">
    <subfield code="b">BENT</subfield>
    <subfield code="p">39015071850239</subfield>
    <subfield code="z">Social and economic impacts of toxic waste sites: the experience of Rose and Springfield Townships: summary of major findings 1982</subfield>
  </datafield>
  <datafield tag="955" ind1=" " ind2=" ">
    <subfield code="b">BENT</subfield>
    <subfield code="p">39015071850247</subfield>
    <subfield code="z">Intergovernmental cooperative arrangements: exploring opportunities 1982</subfield>
  </datafield>
  <datafield tag="955" ind1=" " ind2=" ">
    <subfield code="b">BENT</subfield>
    <subfield code="p">39015071850254</subfield>
    <subfield code="z">Final responsiveness summary: North Huron Valley-Rouge Valley wastewater control system preliminary engineering report 1984</subfield>
  </datafield>
  <datafield tag="955" ind1=" " ind2=" ">
    <subfield code="b">BENT</subfield>
    <subfield code="p">39015071850262</subfield>
    <subfield code="z">Major economic activity concentrations in Southeast Michigan: a supplement to the map, "Major economic activity in Southeast Michigan" 1984</subfield>
  </datafield>
  <datafield tag="955" ind1=" " ind2=" ">
    <subfield code="b">BENT</subfield>
    <subfield code="p">39015071850270</subfield>
    <subfield code="z">SEMCOG: a guide 1985</subfield>
  </datafield>
  <datafield tag="955" ind1=" " ind2=" ">
    <subfield code="b">BENT</subfield>
    <subfield code="p">39015071850288</subfield>
    <subfield code="z">Southeast Michigan: a regional profile 1985</subfield>
  </datafield>
  <datafield tag="955" ind1=" " ind2=" ">
    <subfield code="b">BENT</subfield>
    <subfield code="p">39015071850296</subfield>
    <subfield code="z">Public transportation needs and finance assessment for Southeast Michigan 1987</subfield>
  </datafield>
  <datafield tag="955" ind1=" " ind2=" ">
    <subfield code="b">BENT</subfield>
    <subfield code="p">39015071850304</subfield>
    <subfield code="z">Public transportation element of the year 2005 regional transportation plan: a technical report 1988</subfield>
  </datafield>
  <datafield tag="955" ind1=" " ind2=" ">
    <subfield code="b">BENT</subfield>
    <subfield code="p">39015071850312</subfield>
    <subfield code="z">Southeast Michigan traffic crash profile 1989</subfield>
  </datafield>
  <datafield tag="955" ind1=" " ind2=" ">
    <subfield code="b">BENT</subfield>
    <subfield code="p">39015071850320</subfield>
    <subfield code="z">Regional traffic safety policies for Southeast Michigan (draft) 1990</subfield>
  </datafield>
  <datafield tag="955" ind1=" " ind2=" ">
    <subfield code="b">BENT</subfield>
    <subfield code="p">39015071850338</subfield>
    <subfield code="z">Regional traffic safety policies for Southeast Michigan 1990</subfield>
  </datafield>
  <datafield tag="955" ind1=" " ind2=" ">
    <subfield code="b">BENT</subfield>
    <subfield code="p">39015071850346</subfield>
    <subfield code="z">Tax incentives/tax abatements in Southeast Michigan 1990</subfield>
  </datafield>
  <datafield tag="955" ind1=" " ind2=" ">
    <subfield code="b">BENT</subfield>
    <subfield code="p">39015071850353</subfield>
    <subfield code="z">Management &amp; governance 1990/2010 (Regional development initiative briefing paper #6) 1991</subfield>
  </datafield>
  <datafield tag="955" ind1=" " ind2=" ">
    <subfield code="b">BENT</subfield>
    <subfield code="p">39015071850361</subfield>
    <subfield code="z">Public finance 1990/2010 (Regional development initiative briefing paper #5) 1991</subfield>
  </datafield>
  <datafield tag="955" ind1=" " ind2=" ">
    <subfield code="b">BENT</subfield>
    <subfield code="p">39015071850379</subfield>
    <subfield code="z">Transportation 1990/2010 (Regional development initiative briefing paper #3) 1991</subfield>
  </datafield>
  <datafield tag="955" ind1=" " ind2=" ">
    <subfield code="b">BENT</subfield>
    <subfield code="p">39015071850387</subfield>
    <subfield code="z">The environment, 1990/2010 (Regional development initiative briefing paper #1) 1991</subfield>
  </datafield>
  <datafield tag="955" ind1=" " ind2=" ">
    <subfield code="b">BENT</subfield>
    <subfield code="p">39015071850395</subfield>
    <subfield code="z">Social impacts: crime, race, education 1990/2010 (Regional development initiative briefing paper #2) 1991</subfield>
  </datafield>
  <datafield tag="955" ind1=" " ind2=" ">
    <subfield code="b">BENT</subfield>
    <subfield code="p">39015071850403</subfield>
    <subfield code="z">Economy 1990/2010 (Regional development initiative briefing paper #4) 1991</subfield>
  </datafield>
  <datafield tag="955" ind1=" " ind2=" ">
    <subfield code="b">BENT</subfield>
    <subfield code="p">39015071850411</subfield>
    <subfield code="z">Regional development initiative: summary of workshop #1 the environment 1991</subfield>
  </datafield>
  <datafield tag="955" ind1=" " ind2=" ">
    <subfield code="b">BENT</subfield>
    <subfield code="p">39015071850429</subfield>
    <subfield code="z">Regional development initiative: summary of workshop #4 economy 1991</subfield>
  </datafield>
  <datafield tag="955" ind1=" " ind2=" ">
    <subfield code="b">BENT</subfield>
    <subfield code="p">39015071850437</subfield>
    <subfield code="z">Regional development initiative: summary of workshop #6 management &amp; governance 1991</subfield>
  </datafield>
  <datafield tag="955" ind1=" " ind2=" ">
    <subfield code="b">BENT</subfield>
    <subfield code="p">39015071850445</subfield>
    <subfield code="z">Regional development initiative: final report of the RDI Oversight Committee 1991</subfield>
  </datafield>
  <datafield tag="955" ind1=" " ind2=" ">
    <subfield code="b">BENT</subfield>
    <subfield code="p">39015071850452</subfield>
    <subfield code="z">The "Business as usual" trend future: the data base 1991</subfield>
  </datafield>
  <datafield tag="955" ind1=" " ind2=" ">
    <subfield code="b">BENT</subfield>
    <subfield code="p">39015071850460</subfield>
    <subfield code="z">Southeast Michigan regional aviation system plan: evaluation of alternative systems: draft (Working paper, no. 5) 1991</subfield>
  </datafield>
  <datafield tag="955" ind1=" " ind2=" ">
    <subfield code="b">BENT</subfield>
    <subfield code="p">39015071850478</subfield>
    <subfield code="z">Education reforms: issues and recommendations 1991</subfield>
  </datafield>
  <datafield tag="955" ind1=" " ind2=" ">
    <subfield code="b">BENT</subfield>
    <subfield code="p">39015071850486</subfield>
    <subfield code="z">Southeast Michigan regional aviation system plan technical report 1992</subfield>
  </datafield>
  <datafield tag="955" ind1=" " ind2=" ">
    <subfield code="b">BENT</subfield>
    <subfield code="p">39015071850494</subfield>
    <subfield code="z">A citizen's guide to transportation planning in southeast Michigan, 2001</subfield>
  </datafield>
  <datafield tag="955" ind1=" " ind2=" ">
    <subfield code="b">BENT</subfield>
    <subfield code="p">39015071850502</subfield>
    <subfield code="z">Michiganâs legal tools for cooperative arrangements 2003</subfield>
  </datafield>
  <datafield tag="955" ind1=" " ind2=" ">
    <subfield code="b">BENT</subfield>
    <subfield code="p">39015071850510</subfield>
    <subfield code="z">Funding resources for investing in the transportation system of Southeast Michigan 2003</subfield>
  </datafield>
  <datafield tag="955" ind1=" " ind2=" ">
    <subfield code="b">BENT</subfield>
    <subfield code="p">39015071850528</subfield>
    <subfield code="z">Intergovernmental cooperation: a background paper 2003</subfield>
  </datafield>
  <datafield tag="955" ind1=" " ind2=" ">
    <subfield code="b">BENT</subfield>
    <subfield code="p">39015071850536</subfield>
    <subfield code="z">Commuting in Southeast Michigan, 2000, 2003</subfield>
  </datafield>
  <datafield tag="955" ind1=" " ind2=" ">
    <subfield code="b">BENT</subfield>
    <subfield code="p">39015071850544</subfield>
    <subfield code="z">MDOT freeway courtesy patrol in Southeast Michigan: 2002 evaluation report, 2003</subfield>
  </datafield>
  <datafield tag="955" ind1=" " ind2=" ">
    <subfield code="b">BENT</subfield>
    <subfield code="p">39015071850551</subfield>
    <subfield code="z">2030 regional transportation plan: needs, revenues, and priorities 2003</subfield>
  </datafield>
  <datafield tag="955" ind1=" " ind2=" ">
    <subfield code="b">BENT</subfield>
    <subfield code="p">39015071850569</subfield>
    <subfield code="z">2002 Southeast Michigan traffic crash facts, 2003</subfield>
  </datafield>
  <datafield tag="955" ind1=" " ind2=" ">
    <subfield code="b">BENT</subfield>
    <subfield code="p">39015071850577</subfield>
    <subfield code="z">Fiscal capacity of Southeast Michigan communities: taxable value and its implications 2003</subfield>
  </datafield>
  <datafield tag="955" ind1=" " ind2=" ">
    <subfield code="b">BENT</subfield>
    <subfield code="p">39015071850585</subfield>
    <subfield code="z">Intergovernmental cooperation: strategies for overcoming political barriers) 2003</subfield>
  </datafield>
  <datafield tag="955" ind1=" " ind2=" ">
    <subfield code="b">BENT</subfield>
    <subfield code="p">39015071850593</subfield>
    <subfield code="z">SEMCOG's proposal for moving forward on the Land Use Leadership Councilâs recommendations 2003</subfield>
  </datafield>
  <datafield tag="955" ind1=" " ind2=" ">
    <subfield code="b">BENT</subfield>
    <subfield code="p">39015071850601</subfield>
    <subfield code="z">Population and households in Southeast Michigan, 2000-2003, 2003</subfield>
  </datafield>
  <datafield tag="955" ind1=" " ind2=" ">
    <subfield code="b">BENT</subfield>
    <subfield code="p">39015071850619</subfield>
    <subfield code="z">Annual work program completion report for fiscal year 2002-2003, 2003</subfield>
  </datafield>
  <datafield tag="955" ind1=" " ind2=" ">
    <subfield code="b">BENT</subfield>
    <subfield code="p">39015071850627</subfield>
    <subfield code="z">Employment change by community, Southeast Michigan, 1999-2002, 2003</subfield>
  </datafield>
  <datafield tag="955" ind1=" " ind2=" ">
    <subfield code="b">BENT</subfield>
    <subfield code="p">39015071850635</subfield>
    <subfield code="z">Financing joint public ventures: alternatives and consequences) 2003</subfield>
  </datafield>
  <datafield tag="955" ind1=" " ind2=" ">
    <subfield code="b">BENT</subfield>
    <subfield code="p">39015071850643</subfield>
    <subfield code="z">Sensitivity analysis of EPAâs new mobile model 2004</subfield>
  </datafield>
  <datafield tag="955" ind1=" " ind2=" ">
    <subfield code="b">BENT</subfield>
    <subfield code="p">39015071850650</subfield>
    <subfield code="z">Intergovernmental cooperation: case studies in Southeast Michigan 2004</subfield>
  </datafield>
  <datafield tag="955" ind1=" " ind2=" ">
    <subfield code="b">BENT</subfield>
    <subfield code="p">39015071850668</subfield>
    <subfield code="z">Nonresidential development in Southeast Michigan, summary 2003, 2004</subfield>
  </datafield>
  <datafield tag="955" ind1=" " ind2=" ">
    <subfield code="b">BENT</subfield>
    <subfield code="p">39015071850676</subfield>
    <subfield code="z">Land use in Southeast Michigan, regional summary, 1990-2000 2004</subfield>
  </datafield>
  <datafield tag="955" ind1=" " ind2=" ">
    <subfield code="b">BENT</subfield>
    <subfield code="p">39015071850684</subfield>
    <subfield code="z">Land use in Southeast Michigan, Livingston County, 1990-2000 2004</subfield>
  </datafield>
  <datafield tag="955" ind1=" " ind2=" ">
    <subfield code="b">BENT</subfield>
    <subfield code="p">39015071850692</subfield>
    <subfield code="z">Land use in Southeast Michigan, Macomb County, 1990-2000 2004</subfield>
  </datafield>
  <datafield tag="955" ind1=" " ind2=" ">
    <subfield code="b">BENT</subfield>
    <subfield code="p">39015071850700</subfield>
    <subfield code="z">Land use in Southeast Michigan, Monroe County, 1990-2000 2004</subfield>
  </datafield>
  <datafield tag="955" ind1=" " ind2=" ">
    <subfield code="b">BENT</subfield>
    <subfield code="p">39015071850718</subfield>
    <subfield code="z">Land use in Southeast Michigan, Oakland County, 1990-2000 2004</subfield>
  </datafield>
  <datafield tag="955" ind1=" " ind2=" ">
    <subfield code="b">BENT</subfield>
    <subfield code="p">39015071850726</subfield>
    <subfield code="z">Land use in Southeast Michigan, St. Clair County, 1990-2000 2004</subfield>
  </datafield>
  <datafield tag="955" ind1=" " ind2=" ">
    <subfield code="b">BENT</subfield>
    <subfield code="p">39015071850734</subfield>
    <subfield code="z">Land use in Southeast Michigan, Washtenaw County, 1990-2000 2004</subfield>
  </datafield>
  <datafield tag="955" ind1=" " ind2=" ">
    <subfield code="b">BENT</subfield>
    <subfield code="p">39015071850742</subfield>
    <subfield code="z">Land use in Southeast Michigan, Wayne County, 1990-2000 2004</subfield>
  </datafield>
  <datafield tag="955" ind1=" " ind2=" ">
    <subfield code="b">BENT</subfield>
    <subfield code="p">39015071850759</subfield>
    <subfield code="z">The conditional land transfer act: research, reflections, and policy recommendations 2004</subfield>
  </datafield>
  <datafield tag="955" ind1=" " ind2=" ">
    <subfield code="b">BENT</subfield>
    <subfield code="p">39015071850767</subfield>
    <subfield code="z">2030 regional transportation plan for Southeast Michigan (draft) 2004</subfield>
  </datafield>
  <datafield tag="955" ind1=" " ind2=" ">
    <subfield code="b">BENT</subfield>
    <subfield code="p">39015071850775</subfield>
    <subfield code="z">2030 regional transportation plan for Southeast Michigan: project list (draft) 2004</subfield>
  </datafield>
  <datafield tag="955" ind1=" " ind2=" ">
    <subfield code="b">BENT</subfield>
    <subfield code="p">39015071850783</subfield>
    <subfield code="z">SEMCOG rain gauge network 2003 annual report 2004</subfield>
  </datafield>
  <datafield tag="955" ind1=" " ind2=" ">
    <subfield code="b">BENT</subfield>
    <subfield code="p">39015071850791</subfield>
    <subfield code="z">Population and households in Southeast Michigan, 2000-2004, 2004</subfield>
  </datafield>
  <datafield tag="955" ind1=" " ind2=" ">
    <subfield code="b">BENT</subfield>
    <subfield code="p">39015071850809</subfield>
    <subfield code="z">Profile of I-275 corridor communities: for the University of Michigan and Urban Land Instituteâs 18th annual real estate forum 2004</subfield>
  </datafield>
  <datafield tag="955" ind1=" " ind2=" ">
    <subfield code="b">BENT</subfield>
    <subfield code="p">39015071850817</subfield>
    <subfield code="z">Regional impact review proposed crosswinds communities planned community development Milan Township, Michigan 2004</subfield>
  </datafield>
  <datafield tag="955" ind1=" " ind2=" ">
    <subfield code="b">BENT</subfield>
    <subfield code="p">39015071850825</subfield>
    <subfield code="z">Migration and its impact on Southeast Michigan, 1990-2003 2004</subfield>
  </datafield>
  <datafield tag="955" ind1=" " ind2=" ">
    <subfield code="b">BENT</subfield>
    <subfield code="p">39015071850833</subfield>
    <subfield code="z">2030 regional transportation plan for Southeast Michigan: regional transportation needs 2004</subfield>
  </datafield>
  <datafield tag="955" ind1=" " ind2=" ">
    <subfield code="b">BENT</subfield>
    <subfield code="p">39015071850841</subfield>
    <subfield code="z">SEMCOG rain gauge network January-June 2005 report, October 2005</subfield>
  </datafield>
  <datafield tag="955" ind1=" " ind2=" ">
    <subfield code="b">BENT</subfield>
    <subfield code="p">39015071850858</subfield>
    <subfield code="z">Population and households in Southeast Michigan, 2000-2005, 2005</subfield>
  </datafield>
  <datafield tag="955" ind1=" " ind2=" ">
    <subfield code="b">BENT</subfield>
    <subfield code="p">39015071850866</subfield>
    <subfield code="z">Profile of Detroit beyond the Super Bowl, 2005</subfield>
  </datafield>
  <datafield tag="955" ind1=" " ind2=" ">
    <subfield code="b">BENT</subfield>
    <subfield code="p">39015071850874</subfield>
    <subfield code="z">A citizen's guide to transportation planning in southeast Michigan, 2005</subfield>
  </datafield>
  <datafield tag="955" ind1=" " ind2=" ">
    <subfield code="b">BENT</subfield>
    <subfield code="p">39015071850882</subfield>
    <subfield code="z">Annual work program completion report for fiscal year 2004-2005, 2005</subfield>
  </datafield>
  <datafield tag="955" ind1=" " ind2=" ">
    <subfield code="b">BENT</subfield>
    <subfield code="p">39015071850890</subfield>
    <subfield code="z">State and local government financing of essential services with user fees 2005</subfield>
  </datafield>
  <datafield tag="955" ind1=" " ind2=" ">
    <subfield code="b">BENT</subfield>
    <subfield code="p">39015071850908</subfield>
    <subfield code="z">SEMCOG annual operating budget and work program summary: fiscal year ending June 30, 2006; 2005</subfield>
  </datafield>
  <datafield tag="955" ind1=" " ind2=" ">
    <subfield code="b">BENT</subfield>
    <subfield code="p">39015071850916</subfield>
    <subfield code="z">Residential construction in Southeast Michigan, 2004, 2005</subfield>
  </datafield>
  <datafield tag="955" ind1=" " ind2=" ">
    <subfield code="b">BENT</subfield>
    <subfield code="p">39015071850924</subfield>
    <subfield code="z">Population and households in Southeast Michigan, 2000-2006, 2006</subfield>
  </datafield>
  <datafield tag="955" ind1=" " ind2=" ">
    <subfield code="b">BENT</subfield>
    <subfield code="p">39015071850932</subfield>
    <subfield code="z">MDOT freeway courtesy patrol in Southeast Michigan: 2005 evaluation report, 2006</subfield>
  </datafield>
  <datafield tag="955" ind1=" " ind2=" ">
    <subfield code="b">BENT</subfield>
    <subfield code="p">39015071850940</subfield>
    <subfield code="z">Funding resources for investing in the transportation system of Southeast Michigan 2006</subfield>
  </datafield>
  <datafield tag="955" ind1=" " ind2=" ">
    <subfield code="b">BENT</subfield>
    <subfield code="p">39015071850957</subfield>
    <subfield code="z">Asset management road condition report, 2005, August 2006</subfield>
  </datafield>
  <datafield tag="955" ind1=" " ind2=" ">
    <subfield code="b">BENT</subfield>
    <subfield code="p">39015071850965</subfield>
    <subfield code="z">2005 Southeast Michigan traffic crash facts, 2006</subfield>
  </datafield>
  <datafield tag="955" ind1=" " ind2=" ">
    <subfield code="b">BENT</subfield>
    <subfield code="p">39015071850973</subfield>
    <subfield code="z">Residential construction in Southeast Michigan, 2005, 2006</subfield>
  </datafield>
  <datafield tag="955" ind1=" " ind2=" ">
    <subfield code="b">BENT</subfield>
    <subfield code="p">39015071850981</subfield>
    <subfield code="z">2004 Southeast Michigan traffic crash facts, 2006</subfield>
  </datafield>
  <datafield tag="955" ind1=" " ind2=" ">
    <subfield code="b">BENT</subfield>
    <subfield code="p">39015071850999</subfield>
    <subfield code="z">Building stronger communities: the community development block grant in Michigan, 2006</subfield>
  </datafield>
  <datafield tag="955" ind1=" " ind2=" ">
    <subfield code="b">BENT</subfield>
    <subfield code="p">39015071851005</subfield>
    <subfield code="z">Regional concept for transportation operations (RCTO) final report: southeast Michigan experience, 2007</subfield>
  </datafield>
  <datafield tag="955" ind1=" " ind2=" ">
    <subfield code="b">BENT</subfield>
    <subfield code="p">39015071851013</subfield>
    <subfield code="z">Regional concept for transportation operations (RCTO) for southeast Michigan, 2007</subfield>
  </datafield>
  <datafield tag="955" ind1=" " ind2=" ">
    <subfield code="b">BENT</subfield>
    <subfield code="p">39015071851021</subfield>
    <subfield code="z">American community survey profile, Michigan, 2005, 2007</subfield>
  </datafield>
  <datafield tag="955" ind1=" " ind2=" ">
    <subfield code="b">BENT</subfield>
    <subfield code="p">39015071851039</subfield>
    <subfield code="z">Passenger vehicles and air pollution: a profile of southeast Michigan's fleet, 2008</subfield>
  </datafield>
  <datafield tag="955" ind1=" " ind2=" ">
    <subfield code="b">BENT</subfield>
    <subfield code="p">39015071851047</subfield>
    <subfield code="z">Status of bridges in southeast Michigan, 2006, 2008</subfield>
  </datafield>
  <datafield tag="955" ind1=" " ind2=" ">
    <subfield code="b">BENT</subfield>
    <subfield code="p">39015071851054</subfield>
    <subfield code="z">Investment in Reducing Combined Sewer Overflows Pays Dividends (Sept. 2008)</subfield>
  </datafield>
  <datafield tag="955" ind1=" " ind2=" ">
    <subfield code="b">BENT</subfield>
    <subfield code="p">39015071851062</subfield>
    <subfield code="z">Population and Households in Southeast Michigan, 2000-2008, Sept. 2008</subfield>
  </datafield>
  <datafield tag="955" ind1=" " ind2=" ">
    <subfield code="b">BENT</subfield>
    <subfield code="p">39015071851070</subfield>
    <subfield code="z">Redevelopment capacity in the city of Detroit, 2008</subfield>
  </datafield>
  <datafield tag="955" ind1=" " ind2=" ">
    <subfield code="b">BENT</subfield>
    <subfield code="p">39015071851088</subfield>
    <subfield code="z">Fiscal capacity of Southeast Michigan communities: taxable value and its implications, 2008</subfield>
  </datafield>
  <datafield tag="955" ind1=" " ind2=" ">
    <subfield code="b">BENT</subfield>
    <subfield code="p">39015071851096</subfield>
    <subfield code="z">Asset management road condition report, 2006, December 2008</subfield>
  </datafield>
  <datafield tag="955" ind1=" " ind2=" ">
    <subfield code="b">BENT</subfield>
    <subfield code="p">39015071851104</subfield>
    <subfield code="z">Asset management road condition report, 2007, December 2008</subfield>
  </datafield>
  <datafield tag="955" ind1=" " ind2=" ">
    <subfield code="b">BENT</subfield>
    <subfield code="p">39015071851112</subfield>
    <subfield code="z">SEMCOG 2035 forecast population by age group by school district (January 2009)</subfield>
  </datafield>
  <datafield tag="955" ind1=" " ind2=" ">
    <subfield code="b">BENT</subfield>
    <subfield code="p">39015071851120</subfield>
    <subfield code="z">MDOT freeway courtesy patrol in Southeast Michigan: FY 2008 evaluation report, 2009</subfield>
  </datafield>
  <datafield tag="955" ind1=" " ind2=" ">
    <subfield code="b">BENT</subfield>
    <subfield code="p">39015071851138</subfield>
    <subfield code="z">Residential construction in Southeast Michigan, 2008, 2009</subfield>
  </datafield>
  <datafield tag="955" ind1=" " ind2=" ">
    <subfield code="b">BENT</subfield>
    <subfield code="p">39015071851146</subfield>
    <subfield code="z">Nonresidential development in Southeast Michigan, summary 2008, 2009</subfield>
  </datafield>
  <datafield tag="955" ind1=" " ind2=" ">
    <subfield code="b">BENT</subfield>
    <subfield code="p">39015071851153</subfield>
    <subfield code="z">Miscellaneous: Perspective on progress: Bikeways to people movers, 1978</subfield>
  </datafield>
  <datafield tag="955" ind1=" " ind2=" ">
    <subfield code="b">BENT</subfield>
    <subfield code="p">39015071851161</subfield>
    <subfield code="z">Miscellaneous: Perspective on progress, 1980</subfield>
  </datafield>
  <datafield tag="955" ind1=" " ind2=" ">
    <subfield code="b">BENT</subfield>
    <subfield code="p">39015071851179</subfield>
    <subfield code="z">Miscellaneous: Perspective on progress, 1977</subfield>
  </datafield>
  <datafield tag="955" ind1=" " ind2=" ">
    <subfield code="b">BENT</subfield>
    <subfield code="p">39015071851187</subfield>
    <subfield code="z">Miscellaneous: Refuse disposal plan for the Detroit region, n.d.</subfield>
  </datafield>
  <datafield tag="955" ind1=" " ind2=" ">
    <subfield code="b">BENT</subfield>
    <subfield code="p">39015071851195</subfield>
    <subfield code="z">Miscellaneous: You and your mobility, 1974</subfield>
  </datafield>
  <datafield tag="955" ind1=" " ind2=" ">
    <subfield code="b">BENT</subfield>
    <subfield code="p">39015071851203</subfield>
    <subfield code="z">Miscellaneous: Some light on Michigan's state-wide transportation bond proposal, 1974</subfield>
  </datafield>
  <datafield tag="955" ind1=" " ind2=" ">
    <subfield code="b">BENT</subfield>
    <subfield code="p">39015071851211</subfield>
    <subfield code="z">Miscellaneous: SEMCOG online, 1996</subfield>
  </datafield>
  <datafield tag="955" ind1=" " ind2=" ">
    <subfield code="b">BENT</subfield>
    <subfield code="p">39015071851229</subfield>
    <subfield code="z">Detroit Metropolitan Area Regional Planning Commission, report for 1962</subfield>
  </datafield>
  <datafield tag="955" ind1=" " ind2=" ">
    <subfield code="b">BENT</subfield>
    <subfield code="p">B1062058</subfield>
  </datafield>
  <controlfield tag="001">002746951</controlfield>
  <controlfield tag="005">20111024134936.0</controlfield>
  <controlfield tag="008">940131i19492010miu^^^^^^^^^^c000^0^eng^d</controlfield>
  <datafield tag="035" ind1=" " ind2=" ">
    <subfield code="a">(RLIN)MIUV91-B453</subfield>
  </datafield>
  <datafield tag="035" ind1=" " ind2=" ">
    <subfield code="a">(OCoLC)702899198</subfield>
  </datafield>
  <datafield tag="040" ind1=" " ind2=" ">
    <subfield code="a">MiU-H</subfield>
    <subfield code="c">MiU-H</subfield>
  </datafield>
  <datafield tag="110" ind1="2" ind2=" ">
    <subfield code="a">Southeast Michigan Council of Governments.</subfield>
  </datafield>
  <datafield tag="245" ind1="1" ind2="0">
    <subfield code="a">[Southeast Michigan Council of Governments publications].</subfield>
  </datafield>
  <datafield tag="260" ind1=" " ind2=" ">
    <subfield code="a">Detroit, Mich. :</subfield>
    <subfield code="b">The Council,</subfield>
    <subfield code="c">1949-1992, 1997-2010</subfield>
  </datafield>
  <datafield tag="300" ind1=" " ind2=" ">
    <subfield code="a">3.5 linear feet.</subfield>
  </datafield>
  <datafield tag="500" ind1=" " ind2=" ">
    <subfield code="a">Also includes publications of predecessor organization Detroit Metropolitan Area Regional Planning Commission.</subfield>
  </datafield>
  <datafield tag="555" ind1="0" ind2=" ">
    <subfield code="a">Finding aid in the library.</subfield>
  </datafield>
  <datafield tag="555" ind1="0" ind2=" ">
    <subfield code="a">Finding aid via World Wide Web at URL: http://quod.lib.umich.edu/cgi/f/findaid/findaid-idx?c=bhlead&amp;idno=umich-bhl-98118</subfield>
  </datafield>
  <datafield tag="610" ind1="2" ind2="0">
    <subfield code="a">Southeast Michigan Council of Governments.</subfield>
  </datafield>
  <datafield tag="610" ind1="2" ind2="0">
    <subfield code="a">Detroit Metropolitan Area Regional Planning Commission.</subfield>
  </datafield>
  <datafield tag="650" ind1=" " ind2="0">
    <subfield code="a">Regional planning</subfield>
    <subfield code="z">Michigan, Southeastern.</subfield>
  </datafield>
  <datafield tag="650" ind1=" " ind2="0">
    <subfield code="a">Transportation</subfield>
    <subfield code="z">Michigan, Southeastern</subfield>
    <subfield code="x">Planning.</subfield>
  </datafield>
  <datafield tag="650" ind1=" " ind2="0">
    <subfield code="a">Water quality</subfield>
    <subfield code="z">Michigan, Southeastern</subfield>
    <subfield code="x">Planning.</subfield>
  </datafield>
  <datafield tag="650" ind1=" " ind2="0">
    <subfield code="a">Housing</subfield>
    <subfield code="z">Michigan, Southeastern.</subfield>
  </datafield>
  <datafield tag="710" ind1="2" ind2=" ">
    <subfield code="a">Detroit Metropolitan Area Regional Planning Commission.</subfield>
  </datafield>
  <datafield tag="856" ind1="4" ind2="2">
    <subfield code="3">Finding aid:</subfield>
    <subfield code="u">http://quod.lib.umich.edu/cgi/f/findaid/findaid-idx?c=bhlead&amp;idno=umich-bhl-98118</subfield>
  </datafield>
  <datafield tag="852" ind1="8" ind2=" ">
    <subfield code="a">MiU-H</subfield>
    <subfield code="b">BENT</subfield>
    <subfield code="h">98118 Fm 2 Box 1</subfield>
  </datafield>
  <datafield tag="852" ind1="8" ind2=" ">
    <subfield code="a">MiU-H</subfield>
    <subfield code="b">BENT</subfield>
    <subfield code="h">98118 Fm 2 Box 3</subfield>
  </datafield>
  <datafield tag="852" ind1="8" ind2=" ">
    <subfield code="a">MiU-H</subfield>
    <subfield code="b">BENT</subfield>
    <subfield code="h">98118 Fm 2 Box 2</subfield>
  </datafield>
  <datafield tag="998" ind1=" " ind2=" ">
    <subfield code="c">LAC</subfield>
    <subfield code="s">9114</subfield>
  </datafield>
  <datafield tag="955" ind1=" " ind2=" ">
    <subfield code="b">BENT</subfield>
    <subfield code="p">39015071848704</subfield>
    <subfield code="z">Annual report 1965/1966</subfield>
  </datafield>
  <datafield tag="955" ind1=" " ind2=" ">
    <subfield code="b">BENT</subfield>
    <subfield code="p">39015071848712</subfield>
    <subfield code="z">Annual report 1964</subfield>
  </datafield>
  <datafield tag="955" ind1=" " ind2=" ">
    <subfield code="b">BENT</subfield>
    <subfield code="p">39015071848720</subfield>
    <subfield code="z">Annual report 1963</subfield>
  </datafield>
  <datafield tag="955" ind1=" " ind2=" ">
    <subfield code="b">BENT</subfield>
    <subfield code="p">39015071848738</subfield>
    <subfield code="z">Annual report 1958</subfield>
  </datafield>
  <datafield tag="955" ind1=" " ind2=" ">
    <subfield code="b">BENT</subfield>
    <subfield code="p">39015071848746</subfield>
    <subfield code="z">Annual report 1951</subfield>
  </datafield>
  <datafield tag="955" ind1=" " ind2=" ">
    <subfield code="b">BENT</subfield>
    <subfield code="p">39015071848753</subfield>
    <subfield code="z">Annual report 1950</subfield>
  </datafield>
  <datafield tag="955" ind1=" " ind2=" ">
    <subfield code="b">BENT</subfield>
    <subfield code="p">39015071848761</subfield>
    <subfield code="z">Annual report 1949</subfield>
  </datafield>
  <datafield tag="955" ind1=" " ind2=" ">
    <subfield code="b">BENT</subfield>
    <subfield code="p">39015071848779</subfield>
    <subfield code="z">From TALUS to you April 1969</subfield>
  </datafield>
  <datafield tag="955" ind1=" " ind2=" ">
    <subfield code="b">BENT</subfield>
    <subfield code="p">39015071848787</subfield>
    <subfield code="z">From TALUS to you June 1969</subfield>
  </datafield>
  <datafield tag="955" ind1=" " ind2=" ">
    <subfield code="b">BENT</subfield>
    <subfield code="p">39015071848795</subfield>
    <subfield code="z">Population and occupied housing units... 1995 (in Southeast Michigan)</subfield>
  </datafield>
  <datafield tag="955" ind1=" " ind2=" ">
    <subfield code="b">BENT</subfield>
    <subfield code="p">39015071848803</subfield>
    <subfield code="z">Population and occupied housing units... 1993 (in Southeast Michigan)</subfield>
  </datafield>
  <datafield tag="955" ind1=" " ind2=" ">
    <subfield code="b">BENT</subfield>
    <subfield code="p">39015071848811</subfield>
    <subfield code="z">Housing bulletin Sept. 1970, no. 4</subfield>
  </datafield>
  <datafield tag="955" ind1=" " ind2=" ">
    <subfield code="b">BENT</subfield>
    <subfield code="p">39015071848829</subfield>
    <subfield code="z">Microscope v.1, no.1, Aug 1979</subfield>
  </datafield>
  <datafield tag="955" ind1=" " ind2=" ">
    <subfield code="b">BENT</subfield>
    <subfield code="p">39015071848837</subfield>
    <subfield code="z">Microscope v.2, no.1, Jan 1980</subfield>
  </datafield>
  <datafield tag="955" ind1=" " ind2=" ">
    <subfield code="b">BENT</subfield>
    <subfield code="p">39015071848845</subfield>
    <subfield code="z">Population and occupied housing units... 1992 (in Southeast Michigan)</subfield>
  </datafield>
  <datafield tag="955" ind1=" " ind2=" ">
    <subfield code="b">BENT</subfield>
    <subfield code="p">39015071848852</subfield>
    <subfield code="z">Population and occupied dwelling units... 1978 (in Southeast Michigan)</subfield>
  </datafield>
  <datafield tag="955" ind1=" " ind2=" ">
    <subfield code="b">BENT</subfield>
    <subfield code="p">39015071848860</subfield>
    <subfield code="z">Population and occupied dwelling units... 1975 (in Southeast Michigan)</subfield>
  </datafield>
  <datafield tag="955" ind1=" " ind2=" ">
    <subfield code="b">BENT</subfield>
    <subfield code="p">39015071848878</subfield>
    <subfield code="z">Population and occupied dwelling units... 1974 (in Southeast Michigan)</subfield>
  </datafield>
  <datafield tag="955" ind1=" " ind2=" ">
    <subfield code="b">BENT</subfield>
    <subfield code="p">39015071848886</subfield>
    <subfield code="z">Population and occupied dwelling units... 1973 (in Southeast Michigan)</subfield>
  </datafield>
  <datafield tag="955" ind1=" " ind2=" ">
    <subfield code="b">BENT</subfield>
    <subfield code="p">39015071848894</subfield>
    <subfield code="z">Population and occupied dwelling units... 1972 July (in Southeast Michigan)</subfield>
  </datafield>
  <datafield tag="955" ind1=" " ind2=" ">
    <subfield code="b">BENT</subfield>
    <subfield code="p">39015071848902</subfield>
    <subfield code="z">Population and occupied dwelling units... 1972 (First 6 months; dwelling units only)</subfield>
  </datafield>
  <datafield tag="955" ind1=" " ind2=" ">
    <subfield code="b">BENT</subfield>
    <subfield code="p">39015071848910</subfield>
    <subfield code="z">Population and occupied dwelling units... 1971 Aug. (First 6 months; dwelling units only; in Southeast Michigan)</subfield>
  </datafield>
  <datafield tag="955" ind1=" " ind2=" ">
    <subfield code="b">BENT</subfield>
    <subfield code="p">39015071848928</subfield>
    <subfield code="z">Population and occupied dwelling units... 1969 July (in the Detroit region)</subfield>
  </datafield>
  <datafield tag="955" ind1=" " ind2=" ">
    <subfield code="b">BENT</subfield>
    <subfield code="p">39015071848936</subfield>
    <subfield code="z">Population and occupied dwelling units... 1968 July (in the Detroit region)</subfield>
  </datafield>
  <datafield tag="955" ind1=" " ind2=" ">
    <subfield code="b">BENT</subfield>
    <subfield code="p">39015071848944</subfield>
    <subfield code="z">Population and occupied dwelling units... 1966 July (in the Detroit region)</subfield>
  </datafield>
  <datafield tag="955" ind1=" " ind2=" ">
    <subfield code="b">BENT</subfield>
    <subfield code="p">39015071848951</subfield>
    <subfield code="z">Population and occupied dwelling units... 1968 Mar. (in the Detroit region)</subfield>
  </datafield>
  <datafield tag="955" ind1=" " ind2=" ">
    <subfield code="b">BENT</subfield>
    <subfield code="p">39015071848969</subfield>
    <subfield code="z">Population and occupied dwelling units... 1965 July (in the Detroit region)</subfield>
  </datafield>
  <datafield tag="955" ind1=" " ind2=" ">
    <subfield code="b">BENT</subfield>
    <subfield code="p">39015071848977</subfield>
    <subfield code="z">Population and occupied dwelling units... 1964 November (in the Detroit region)</subfield>
  </datafield>
  <datafield tag="955" ind1=" " ind2=" ">
    <subfield code="b">BENT</subfield>
    <subfield code="p">39015071848985</subfield>
    <subfield code="z">Population and occupied dwelling units... 1963 July (in the Detroit region)</subfield>
  </datafield>
  <datafield tag="955" ind1=" " ind2=" ">
    <subfield code="b">BENT</subfield>
    <subfield code="p">39015071848993</subfield>
    <subfield code="z">Population and occupied dwelling units... 1962 July (Detroit region)</subfield>
  </datafield>
  <datafield tag="955" ind1=" " ind2=" ">
    <subfield code="b">BENT</subfield>
    <subfield code="p">39015071849009</subfield>
    <subfield code="z">Population and occupied dwelling units... 1959 July (in the Detroit region)</subfield>
  </datafield>
  <datafield tag="955" ind1=" " ind2=" ">
    <subfield code="b">BENT</subfield>
    <subfield code="p">39015071849017</subfield>
    <subfield code="z">Population and occupied dwelling units... 1958 July (in the Detroit region)</subfield>
  </datafield>
  <datafield tag="955" ind1=" " ind2=" ">
    <subfield code="b">BENT</subfield>
    <subfield code="p">39015071849025</subfield>
    <subfield code="z">Population and occupied dwelling units... 1956 Feb. (Detroit region)</subfield>
  </datafield>
  <datafield tag="955" ind1=" " ind2=" ">
    <subfield code="b">BENT</subfield>
    <subfield code="p">39015071849033</subfield>
    <subfield code="z">Regional reporter 1972 (Nov.)</subfield>
  </datafield>
  <datafield tag="955" ind1=" " ind2=" ">
    <subfield code="b">BENT</subfield>
    <subfield code="p">39015071849041</subfield>
    <subfield code="z">Regional reporter 1970 (no. 73)</subfield>
  </datafield>
  <datafield tag="955" ind1=" " ind2=" ">
    <subfield code="b">BENT</subfield>
    <subfield code="p">39015071849058</subfield>
    <subfield code="z">Regional reporter 1966 (no. 59)</subfield>
  </datafield>
  <datafield tag="955" ind1=" " ind2=" ">
    <subfield code="b">BENT</subfield>
    <subfield code="p">39015071849066</subfield>
    <subfield code="z">Regional reporter 1966 (no. 57)</subfield>
  </datafield>
  <datafield tag="955" ind1=" " ind2=" ">
    <subfield code="b">BENT</subfield>
    <subfield code="p">39015071849074</subfield>
    <subfield code="z">Regional reporter 1965 (no. 53)</subfield>
  </datafield>
  <datafield tag="955" ind1=" " ind2=" ">
    <subfield code="b">BENT</subfield>
    <subfield code="p">39015071849082</subfield>
    <subfield code="z">Regional reporter 1965 (no. 52)</subfield>
  </datafield>
  <datafield tag="955" ind1=" " ind2=" ">
    <subfield code="b">BENT</subfield>
    <subfield code="p">39015071849090</subfield>
    <subfield code="z">Regional reporter 1962 (no. 40)</subfield>
  </datafield>
  <datafield tag="955" ind1=" " ind2=" ">
    <subfield code="b">BENT</subfield>
    <subfield code="p">39015071849108</subfield>
    <subfield code="z">Regional reporter 1961 (no. 39)</subfield>
  </datafield>
  <datafield tag="955" ind1=" " ind2=" ">
    <subfield code="b">BENT</subfield>
    <subfield code="p">39015071849116</subfield>
    <subfield code="z">Regional reporter 1961 (no. 38)</subfield>
  </datafield>
  <datafield tag="955" ind1=" " ind2=" ">
    <subfield code="b">BENT</subfield>
    <subfield code="p">39015071849124</subfield>
    <subfield code="z">Regional reporter 1958 (no. 24)</subfield>
  </datafield>
  <datafield tag="955" ind1=" " ind2=" ">
    <subfield code="b">BENT</subfield>
    <subfield code="p">39015071849132</subfield>
    <subfield code="z">Regional reporter 1957 (no. 20)</subfield>
  </datafield>
  <datafield tag="955" ind1=" " ind2=" ">
    <subfield code="b">BENT</subfield>
    <subfield code="p">39015071849140</subfield>
    <subfield code="z">Regional reporter 1955 (no. 14)</subfield>
  </datafield>
  <datafield tag="955" ind1=" " ind2=" ">
    <subfield code="b">BENT</subfield>
    <subfield code="p">39015071849157</subfield>
    <subfield code="z">SEM Council data digest 1973</subfield>
  </datafield>
  <datafield tag="955" ind1=" " ind2=" ">
    <subfield code="b">BENT</subfield>
    <subfield code="p">39015071849165</subfield>
    <subfield code="z">SEM Council data digest 1972</subfield>
  </datafield>
  <datafield tag="955" ind1=" " ind2=" ">
    <subfield code="b">BENT</subfield>
    <subfield code="p">39015071849173</subfield>
    <subfield code="z">SEM Council digest v.2, no.1, 1973:Jan.</subfield>
  </datafield>
  <datafield tag="955" ind1=" " ind2=" ">
    <subfield code="b">BENT</subfield>
    <subfield code="p">39015071849181</subfield>
    <subfield code="z">Industrial decentralization, Detroit region 1940-1950 (projection to 1970), by Paul M. Reid 1951</subfield>
  </datafield>
  <datafield tag="955" ind1=" " ind2=" ">
    <subfield code="b">BENT</subfield>
    <subfield code="p">39015071849199</subfield>
    <subfield code="z">Regional and local planning (Planning thoughts no. 2) 1949</subfield>
  </datafield>
  <datafield tag="955" ind1=" " ind2=" ">
    <subfield code="b">BENT</subfield>
    <subfield code="p">39015071849207</subfield>
    <subfield code="z">The planning board's job (Planning thoughts no. 1) 1949</subfield>
  </datafield>
  <datafield tag="955" ind1=" " ind2=" ">
    <subfield code="b">BENT</subfield>
    <subfield code="p">39015071849215</subfield>
    <subfield code="z">Features of industrial location in the Detroit region 1958</subfield>
  </datafield>
  <datafield tag="955" ind1=" " ind2=" ">
    <subfield code="b">BENT</subfield>
    <subfield code="p">39015071849223</subfield>
    <subfield code="z">Progress in regional planning 1958</subfield>
  </datafield>
  <datafield tag="955" ind1=" " ind2=" ">
    <subfield code="b">BENT</subfield>
    <subfield code="p">39015071849231</subfield>
    <subfield code="z">Suburban shopping centers Detroit region 1956</subfield>
  </datafield>
  <datafield tag="955" ind1=" " ind2=" ">
    <subfield code="b">BENT</subfield>
    <subfield code="p">39015071849249</subfield>
    <subfield code="z">Master planning and the law 1957</subfield>
  </datafield>
  <datafield tag="955" ind1=" " ind2=" ">
    <subfield code="b">BENT</subfield>
    <subfield code="p">39015071849256</subfield>
    <subfield code="z">Progress report--waterfront land use plan 1955</subfield>
  </datafield>
  <datafield tag="955" ind1=" " ind2=" ">
    <subfield code="b">BENT</subfield>
    <subfield code="p">39015071849264</subfield>
    <subfield code="z">Home location pattern of industrial workers in the Detroit region 1955</subfield>
  </datafield>
  <datafield tag="955" ind1=" " ind2=" ">
    <subfield code="b">BENT</subfield>
    <subfield code="p">39015071849272</subfield>
    <subfield code="z">1958 Land Use in the Detroit Region, August 1959</subfield>
  </datafield>
  <datafield tag="955" ind1=" " ind2=" ">
    <subfield code="b">BENT</subfield>
    <subfield code="p">39015071849280</subfield>
    <subfield code="z">Employment of Women in the Detroit Region, November 1959</subfield>
  </datafield>
  <datafield tag="955" ind1=" " ind2=" ">
    <subfield code="b">BENT</subfield>
    <subfield code="p">39015071849298</subfield>
    <subfield code="z">1970-1980 population projections in the Detroit region, June 1963</subfield>
  </datafield>
  <datafield tag="955" ind1=" " ind2=" ">
    <subfield code="b">BENT</subfield>
    <subfield code="p">39015071849306</subfield>
    <subfield code="z">Detroit Metropolitan Area Regional Planning Commission, report for 1963</subfield>
  </datafield>
  <datafield tag="955" ind1=" " ind2=" ">
    <subfield code="b">BENT</subfield>
    <subfield code="p">39015071849314</subfield>
    <subfield code="z">Detroit Metropolitan Area Regional Planning Commission, report for 1960-1961</subfield>
  </datafield>
  <datafield tag="955" ind1=" " ind2=" ">
    <subfield code="b">BENT</subfield>
    <subfield code="p">39015071849322</subfield>
    <subfield code="z">Regional recreational lands plan, June 1960</subfield>
  </datafield>
  <datafield tag="955" ind1=" " ind2=" ">
    <subfield code="b">BENT</subfield>
    <subfield code="p">39015071849330</subfield>
    <subfield code="z">Part 3: Recreation in the Detroit region, 1960</subfield>
  </datafield>
  <datafield tag="955" ind1=" " ind2=" ">
    <subfield code="b">BENT</subfield>
    <subfield code="p">39015071849348</subfield>
    <subfield code="z">Conference papers: 12th annual planning conference (Recreational planning conference papers: title page missing) 1962</subfield>
  </datafield>
  <datafield tag="955" ind1=" " ind2=" ">
    <subfield code="b">BENT</subfield>
    <subfield code="p">39015071849355</subfield>
    <subfield code="z">Off-rail industrial lands plan for the Detroit region 1961</subfield>
  </datafield>
  <datafield tag="955" ind1=" " ind2=" ">
    <subfield code="b">BENT</subfield>
    <subfield code="p">39015071849363</subfield>
    <subfield code="z">Home survey of regional recreation activities 1960</subfield>
  </datafield>
  <datafield tag="955" ind1=" " ind2=" ">
    <subfield code="b">BENT</subfield>
    <subfield code="p">39015071849371</subfield>
    <subfield code="z">Study design for a comprehensive transportation and land use program for the Detroit region, November 1964</subfield>
  </datafield>
  <datafield tag="955" ind1=" " ind2=" ">
    <subfield code="b">BENT</subfield>
    <subfield code="p">39015071849389</subfield>
    <subfield code="z">Detroit region dwelling unit report based on residential units authorized first six months 1964</subfield>
  </datafield>
  <datafield tag="955" ind1=" " ind2=" ">
    <subfield code="b">BENT</subfield>
    <subfield code="p">39015071849397</subfield>
    <subfield code="z">Regional reporter 1964 (no. 51)</subfield>
  </datafield>
  <datafield tag="955" ind1=" " ind2=" ">
    <subfield code="b">BENT</subfield>
    <subfield code="p">39015071849405</subfield>
    <subfield code="z">Study design for a comprehensive transportation and land use program for the Detroit region,1964 (revised 1965)</subfield>
  </datafield>
  <datafield tag="955" ind1=" " ind2=" ">
    <subfield code="b">BENT</subfield>
    <subfield code="p">39015071849413</subfield>
    <subfield code="z">Detroit Metropolitan Area Regional Planning Commission, conference papers, 1965</subfield>
  </datafield>
  <datafield tag="955" ind1=" " ind2=" ">
    <subfield code="b">BENT</subfield>
    <subfield code="p">39015071849421</subfield>
    <subfield code="z">1964 residential construction in the Detroit region, January 1965</subfield>
  </datafield>
  <datafield tag="955" ind1=" " ind2=" ">
    <subfield code="b">BENT</subfield>
    <subfield code="p">39015071849439</subfield>
    <subfield code="z">Residential construction in the Detroit region 1966</subfield>
  </datafield>
  <datafield tag="955" ind1=" " ind2=" ">
    <subfield code="b">BENT</subfield>
    <subfield code="p">39015071849447</subfield>
    <subfield code="z">Regional reporter 1967 (no. 60)</subfield>
  </datafield>
  <datafield tag="955" ind1=" " ind2=" ">
    <subfield code="b">BENT</subfield>
    <subfield code="p">39015071849454</subfield>
    <subfield code="z">Guidelines for levels of function and responsibility for public outdoor recreation in southeastern Michigan, 1966</subfield>
  </datafield>
  <datafield tag="955" ind1=" " ind2=" ">
    <subfield code="b">BENT</subfield>
    <subfield code="p">39015071849462</subfield>
    <subfield code="z">Detroit Metropolitan Area Regional Planning Commission, conference papers, 1967</subfield>
  </datafield>
  <datafield tag="955" ind1=" " ind2=" ">
    <subfield code="b">BENT</subfield>
    <subfield code="p">39015071849470</subfield>
    <subfield code="z">Planning activity in the Detroit region  January 1, 1967</subfield>
  </datafield>
  <datafield tag="955" ind1=" " ind2=" ">
    <subfield code="b">BENT</subfield>
    <subfield code="p">39015071849488</subfield>
    <subfield code="z">Residential land development in the Detroit region 1960-1966, April 1967</subfield>
  </datafield>
  <datafield tag="955" ind1=" " ind2=" ">
    <subfield code="b">BENT</subfield>
    <subfield code="p">39015071849496</subfield>
    <subfield code="z">Regional planning, 1965-66 1966</subfield>
  </datafield>
  <datafield tag="955" ind1=" " ind2=" ">
    <subfield code="b">BENT</subfield>
    <subfield code="p">39015071849504</subfield>
    <subfield code="z">TALUS and tomorrow 1968</subfield>
  </datafield>
  <datafield tag="955" ind1=" " ind2=" ">
    <subfield code="b">BENT</subfield>
    <subfield code="p">39015071849512</subfield>
    <subfield code="z">A profile of Southeastern Michigan TALUS data 1968</subfield>
  </datafield>
  <datafield tag="955" ind1=" " ind2=" ">
    <subfield code="b">BENT</subfield>
    <subfield code="p">39015071849520</subfield>
    <subfield code="z">Flood plains reconnaissance study for the Detroit region 1966</subfield>
  </datafield>
  <datafield tag="955" ind1=" " ind2=" ">
    <subfield code="b">BENT</subfield>
    <subfield code="p">39015071849538</subfield>
    <subfield code="z">Digest of existing and proposed state and federal laws related to regional planning in Southeast Michigan 1966</subfield>
  </datafield>
  <datafield tag="955" ind1=" " ind2=" ">
    <subfield code="b">BENT</subfield>
    <subfield code="p">39015071849546</subfield>
    <subfield code="z">Living patterns and attitudes in the Detroit region, 1967</subfield>
  </datafield>
  <datafield tag="955" ind1=" " ind2=" ">
    <subfield code="b">BENT</subfield>
    <subfield code="p">39015071849553</subfield>
    <subfield code="z">Environmental studies: design resources, 1967</subfield>
  </datafield>
  <datafield tag="955" ind1=" " ind2=" ">
    <subfield code="b">BENT</subfield>
    <subfield code="p">39015071849561</subfield>
    <subfield code="z">Environmental studies: natural resources, 1967</subfield>
  </datafield>
  <datafield tag="955" ind1=" " ind2=" ">
    <subfield code="b">BENT</subfield>
    <subfield code="p">39015071849579</subfield>
    <subfield code="z">Growth, Change,...and a Choice for 1990, v.2, 1969</subfield>
  </datafield>
  <datafield tag="955" ind1=" " ind2=" ">
    <subfield code="b">BENT</subfield>
    <subfield code="p">39015071849587</subfield>
    <subfield code="z">Growth, Change,...and a Choice for 1990, v.1, 1969</subfield>
  </datafield>
  <datafield tag="955" ind1=" " ind2=" ">
    <subfield code="b">BENT</subfield>
    <subfield code="p">39015071849595</subfield>
    <subfield code="z">State-local relations in southeast Michigan, 1970</subfield>
  </datafield>
  <datafield tag="955" ind1=" " ind2=" ">
    <subfield code="b">BENT</subfield>
    <subfield code="p">39015071849603</subfield>
    <subfield code="z">Inventory of drug abuse programs, 1970</subfield>
  </datafield>
  <datafield tag="955" ind1=" " ind2=" ">
    <subfield code="b">BENT</subfield>
    <subfield code="p">39015071849611</subfield>
    <subfield code="z">Planning activity in the Detroit region 1970</subfield>
  </datafield>
  <datafield tag="955" ind1=" " ind2=" ">
    <subfield code="b">BENT</subfield>
    <subfield code="p">39015071849629</subfield>
    <subfield code="z">1970 SEMCOG work program &amp; budget</subfield>
  </datafield>
  <datafield tag="955" ind1=" " ind2=" ">
    <subfield code="b">BENT</subfield>
    <subfield code="p">39015071849637</subfield>
    <subfield code="z">Regional publications and planning materials 1972</subfield>
  </datafield>
  <datafield tag="955" ind1=" " ind2=" ">
    <subfield code="b">BENT</subfield>
    <subfield code="p">39015071849645</subfield>
    <subfield code="z">Survey of manufactured housing available to Southeast Michigan 1971</subfield>
  </datafield>
  <datafield tag="955" ind1=" " ind2=" ">
    <subfield code="b">BENT</subfield>
    <subfield code="p">39015071849652</subfield>
    <subfield code="z">1970 census data, 1st count 1972</subfield>
  </datafield>
  <datafield tag="955" ind1=" " ind2=" ">
    <subfield code="b">BENT</subfield>
    <subfield code="p">39015071849660</subfield>
    <subfield code="z">Public high school districts in Southeast Michigan: Selected financial data 1971</subfield>
  </datafield>
  <datafield tag="955" ind1=" " ind2=" ">
    <subfield code="b">BENT</subfield>
    <subfield code="p">39015071849728</subfield>
    <subfield code="z">1990 regional recreation...plan for southeast michigan, 1974</subfield>
  </datafield>
  <datafield tag="955" ind1=" " ind2=" ">
    <subfield code="b">BENT</subfield>
    <subfield code="p">39015071849736</subfield>
    <subfield code="z">Draft summary statement for...1990 transportation plan, 1974</subfield>
  </datafield>
  <datafield tag="955" ind1=" " ind2=" ">
    <subfield code="b">BENT</subfield>
    <subfield code="p">39015071849744</subfield>
    <subfield code="z">Transportation 1990 1974</subfield>
  </datafield>
  <datafield tag="955" ind1=" " ind2=" ">
    <subfield code="b">BENT</subfield>
    <subfield code="p">39015071849751</subfield>
    <subfield code="z">Model flood plain, watercourse and wetland ordinance for townships 1974</subfield>
  </datafield>
  <datafield tag="955" ind1=" " ind2=" ">
    <subfield code="b">BENT</subfield>
    <subfield code="p">39015071849769</subfield>
    <subfield code="z">Transportation: an integrated highway-transit plan for Southeast Michigan 1975</subfield>
  </datafield>
  <datafield tag="955" ind1=" " ind2=" ">
    <subfield code="b">BENT</subfield>
    <subfield code="p">39015071849777</subfield>
    <subfield code="z">Procedures to evaluate the consistency of the regional transportation plan with the state implementation plan: draft 1975</subfield>
  </datafield>
  <datafield tag="955" ind1=" " ind2=" ">
    <subfield code="b">BENT</subfield>
    <subfield code="p">39015071849785</subfield>
    <subfield code="z">Energy and the regional transportation plan: a multi-modal energy analysis: draft 1975</subfield>
  </datafield>
  <datafield tag="955" ind1=" " ind2=" ">
    <subfield code="b">BENT</subfield>
    <subfield code="p">39015071849793</subfield>
    <subfield code="z">Social impacts of transportation: regional analysis of transportation needs of the disadvantaged: draft (Transportation working paper, no. 30) 1976</subfield>
  </datafield>
  <datafield tag="955" ind1=" " ind2=" ">
    <subfield code="b">BENT</subfield>
    <subfield code="p">39015071849801</subfield>
    <subfield code="z">Perspective on progress 1976</subfield>
  </datafield>
  <datafield tag="955" ind1=" " ind2=" ">
    <subfield code="b">BENT</subfield>
    <subfield code="p">39015071849819</subfield>
    <subfield code="z">Clean water for Southeast Michigan 1976</subfield>
  </datafield>
  <datafield tag="955" ind1=" " ind2=" ">
    <subfield code="b">BENT</subfield>
    <subfield code="p">39015071849827</subfield>
    <subfield code="z">Water quality in Southeast Michigan: an annotated bibliography 1976</subfield>
  </datafield>
  <datafield tag="955" ind1=" " ind2=" ">
    <subfield code="b">BENT</subfield>
    <subfield code="p">39015071849835</subfield>
    <subfield code="z">Legislative review...water quality management plan...1976</subfield>
  </datafield>
  <datafield tag="955" ind1=" " ind2=" ">
    <subfield code="b">BENT</subfield>
    <subfield code="p">39015071849843</subfield>
    <subfield code="z">An assessment of...system for managing...pollution...southeast Michigan region, 1976</subfield>
  </datafield>
  <datafield tag="955" ind1=" " ind2=" ">
    <subfield code="b">BENT</subfield>
    <subfield code="p">39015071849850</subfield>
    <subfield code="z">Water quality management plan for Southeast Michigan 1977</subfield>
  </datafield>
  <datafield tag="955" ind1=" " ind2=" ">
    <subfield code="b">BENT</subfield>
    <subfield code="p">39015071849868</subfield>
    <subfield code="z">Regional bikeway system plan: draft (v.2) 1977</subfield>
  </datafield>
  <datafield tag="955" ind1=" " ind2=" ">
    <subfield code="b">BENT</subfield>
    <subfield code="p">39015071849876</subfield>
    <subfield code="z">Regional bikeway system plan: draft (v.1) 1977</subfield>
  </datafield>
  <datafield tag="955" ind1=" " ind2=" ">
    <subfield code="b">BENT</subfield>
    <subfield code="p">39015071849884</subfield>
    <subfield code="z">Inland lake management concerns for Southeast Michigan (Environmental background paper, no. 26) 1977</subfield>
  </datafield>
  <datafield tag="955" ind1=" " ind2=" ">
    <subfield code="b">BENT</subfield>
    <subfield code="p">39015071849892</subfield>
    <subfield code="z">Downriver truck study, by Wilbur Smith and Associates 1977</subfield>
  </datafield>
  <datafield tag="955" ind1=" " ind2=" ">
    <subfield code="b">BENT</subfield>
    <subfield code="p">39015071849900</subfield>
    <subfield code="z">Water quality management system for southeast Michigan, 1977</subfield>
  </datafield>
  <datafield tag="955" ind1=" " ind2=" ">
    <subfield code="b">BENT</subfield>
    <subfield code="p">39015071849918</subfield>
    <subfield code="z">Approach to the selection...management...1977</subfield>
  </datafield>
  <datafield tag="955" ind1=" " ind2=" ">
    <subfield code="b">BENT</subfield>
    <subfield code="p">39015071849926</subfield>
    <subfield code="z">Discussion paper...water quality management, 1977</subfield>
  </datafield>
  <datafield tag="955" ind1=" " ind2=" ">
    <subfield code="b">BENT</subfield>
    <subfield code="p">39015071849934</subfield>
    <subfield code="z">Institutional analysis of water quality...programs...1977</subfield>
  </datafield>
  <datafield tag="955" ind1=" " ind2=" ">
    <subfield code="b">BENT</subfield>
    <subfield code="p">39015071849942</subfield>
    <subfield code="z">Nonpoint source management; background summary, 1978</subfield>
  </datafield>
  <datafield tag="955" ind1=" " ind2=" ">
    <subfield code="b">BENT</subfield>
    <subfield code="p">39015071849959</subfield>
    <subfield code="z">Water quality management plan for Southeast Michigan: environmental assessment summary: draft 1978, chapters 3, 4, 5</subfield>
  </datafield>
  <datafield tag="955" ind1=" " ind2=" ">
    <subfield code="b">BENT</subfield>
    <subfield code="p">39015071849967</subfield>
    <subfield code="z">Residuals management: background summary, 1978</subfield>
  </datafield>
  <datafield tag="955" ind1=" " ind2=" ">
    <subfield code="b">BENT</subfield>
    <subfield code="p">39015071849975</subfield>
    <subfield code="z">Municipal wastewater treatment facilities...1978</subfield>
  </datafield>
  <datafield tag="955" ind1=" " ind2=" ">
    <subfield code="b">BENT</subfield>
    <subfield code="p">39015071849983</subfield>
    <subfield code="z">Federal grant review process in Southeast Michigan (revised March 1978) 1978</subfield>
  </datafield>
  <datafield tag="955" ind1=" " ind2=" ">
    <subfield code="b">BENT</subfield>
    <subfield code="p">39015071849991</subfield>
    <subfield code="z">Clinton River water quality (Water quality memo, no. 21) 1978</subfield>
  </datafield>
  <datafield tag="955" ind1=" " ind2=" ">
    <subfield code="b">BENT</subfield>
    <subfield code="p">39015071850007</subfield>
    <subfield code="z">Clinton River water quality (Water quality memo, no. 21) 1978</subfield>
  </datafield>
  <datafield tag="955" ind1=" " ind2=" ">
    <subfield code="b">BENT</subfield>
    <subfield code="p">39015071850015</subfield>
    <subfield code="z">Description of proposed trip production model for home-based motor vehicle person trips 1978</subfield>
  </datafield>
  <datafield tag="955" ind1=" " ind2=" ">
    <subfield code="b">BENT</subfield>
    <subfield code="p">39015071850023</subfield>
    <subfield code="z">Huron River water quality (Water quality memo, no. 19) 1978</subfield>
  </datafield>
  <datafield tag="955" ind1=" " ind2=" ">
    <subfield code="b">BENT</subfield>
    <subfield code="p">39015071850031</subfield>
    <subfield code="z">Huron River water quality (Water quality memo, no. 20) 1978</subfield>
  </datafield>
  <datafield tag="955" ind1=" " ind2=" ">
    <subfield code="b">BENT</subfield>
    <subfield code="p">39015071850049</subfield>
    <subfield code="z">Regional bikeway policy plan: an element of the regional transportation plan for the Southeast Michigan region 1978</subfield>
  </datafield>
  <datafield tag="955" ind1=" " ind2=" ">
    <subfield code="b">BENT</subfield>
    <subfield code="p">39015071850056</subfield>
    <subfield code="z">River Rouge water quality (Water quality memo, no. 17), 1978</subfield>
  </datafield>
  <datafield tag="955" ind1=" " ind2=" ">
    <subfield code="b">BENT</subfield>
    <subfield code="p">39015071850064</subfield>
    <subfield code="z">River Rouge water quality (Water quality memo, no. 18), 1978</subfield>
  </datafield>
  <datafield tag="955" ind1=" " ind2=" ">
    <subfield code="b">BENT</subfield>
    <subfield code="p">39015071850072</subfield>
    <subfield code="z">Water quality management plan for Southeast Michigan: environmental assessment summary: draft 1978</subfield>
  </datafield>
  <datafield tag="955" ind1=" " ind2=" ">
    <subfield code="b">BENT</subfield>
    <subfield code="p">39015071850080</subfield>
    <subfield code="z">Regional transportation plan for Southeast Michigan: Highway and transit elements (amended Mar. 1978) 1978</subfield>
  </datafield>
  <datafield tag="955" ind1=" " ind2=" ">
    <subfield code="b">BENT</subfield>
    <subfield code="p">39015071850098</subfield>
    <subfield code="z">Water quality in Southeast Michigan: introduction 1978</subfield>
  </datafield>
  <datafield tag="955" ind1=" " ind2=" ">
    <subfield code="b">BENT</subfield>
    <subfield code="p">39015071850106</subfield>
    <subfield code="z">Federal grant review process in Southeast Michigan (revised March 1978) 1978</subfield>
  </datafield>
  <datafield tag="955" ind1=" " ind2=" ">
    <subfield code="b">BENT</subfield>
    <subfield code="p">39015071850114</subfield>
    <subfield code="z">Clean air, transportation and you 1980</subfield>
  </datafield>
  <datafield tag="955" ind1=" " ind2=" ">
    <subfield code="b">BENT</subfield>
    <subfield code="p">39015071850122</subfield>
    <subfield code="z">Executive summary for the regional transportation systems management plan: draft 1979</subfield>
  </datafield>
  <datafield tag="955" ind1=" " ind2=" ">
    <subfield code="b">BENT</subfield>
    <subfield code="p">39015071850130</subfield>
    <subfield code="z">Southeast Michigan: a profile of the region 1980</subfield>
  </datafield>
  <datafield tag="955" ind1=" " ind2=" ">
    <subfield code="b">BENT</subfield>
    <subfield code="p">39015071850148</subfield>
    <subfield code="z">The transition plan for Southeast Michigan 1980</subfield>
  </datafield>
  <datafield tag="955" ind1=" " ind2=" ">
    <subfield code="b">BENT</subfield>
    <subfield code="p">39015071850155</subfield>
    <subfield code="z">Economic development in southeast Michigan: a profile and inventory 1980</subfield>
  </datafield>
  <datafield tag="955" ind1=" " ind2=" ">
    <subfield code="b">BENT</subfield>
    <subfield code="p">39015071850163</subfield>
    <subfield code="z">Stormwater runoff control through natural drainage: cost savings and environmental benefits (Technical bulletin, no. 2) 1981</subfield>
  </datafield>
  <datafield tag="955" ind1=" " ind2=" ">
    <subfield code="b">BENT</subfield>
    <subfield code="p">39015071850171</subfield>
    <subfield code="z">Detention basin maintenance: program needs and financing options (Technical bulletin, no. 3) 1981</subfield>
  </datafield>
  <datafield tag="955" ind1=" " ind2=" ">
    <subfield code="b">BENT</subfield>
    <subfield code="p">39015071850189</subfield>
    <subfield code="z">Septic system management by local governments: planning, regulation, and maintenance (Technical bulletin, no. 4) 1981</subfield>
  </datafield>
  <datafield tag="955" ind1=" " ind2=" ">
    <subfield code="b">BENT</subfield>
    <subfield code="p">39015071850197</subfield>
    <subfield code="z">Protecting water quality through cluster development: financial incentives and community benefits (Technical bulletin, no. 5) 1981</subfield>
  </datafield>
  <datafield tag="955" ind1=" " ind2=" ">
    <subfield code="b">BENT</subfield>
    <subfield code="p">39015071850205</subfield>
    <subfield code="z">Conservation easements: tax incentives for private open space preservation (Technical bulletin, no. 6) 1981</subfield>
  </datafield>
  <datafield tag="955" ind1=" " ind2=" ">
    <subfield code="b">BENT</subfield>
    <subfield code="p">39015071850213</subfield>
    <subfield code="z">Performance zoning: an innovative approach to water quality protection and land use regulation (Technical bulletin, no. 7) 1981</subfield>
  </datafield>
  <datafield tag="955" ind1=" " ind2=" ">
    <subfield code="b">BENT</subfield>
    <subfield code="p">39015071850221</subfield>
    <subfield code="z">Effective stormwater management programs: case studies of local government experiences in Southeast Michigan 1981</subfield>
  </datafield>
  <datafield tag="955" ind1=" " ind2=" ">
    <subfield code="b">BENT</subfield>
    <subfield code="p">39015071850239</subfield>
    <subfield code="z">Social and economic impacts of toxic waste sites: the experience of Rose and Springfield Townships: summary of major findings 1982</subfield>
  </datafield>
  <datafield tag="955" ind1=" " ind2=" ">
    <subfield code="b">BENT</subfield>
    <subfield code="p">39015071850247</subfield>
    <subfield code="z">Intergovernmental cooperative arrangements: exploring opportunities 1982</subfield>
  </datafield>
  <datafield tag="955" ind1=" " ind2=" ">
    <subfield code="b">BENT</subfield>
    <subfield code="p">39015071850254</subfield>
    <subfield code="z">Final responsiveness summary: North Huron Valley-Rouge Valley wastewater control system preliminary engineering report 1984</subfield>
  </datafield>
  <datafield tag="955" ind1=" " ind2=" ">
    <subfield code="b">BENT</subfield>
    <subfield code="p">39015071850262</subfield>
    <subfield code="z">Major economic activity concentrations in Southeast Michigan: a supplement to the map, "Major economic activity in Southeast Michigan" 1984</subfield>
  </datafield>
  <datafield tag="955" ind1=" " ind2=" ">
    <subfield code="b">BENT</subfield>
    <subfield code="p">39015071850270</subfield>
    <subfield code="z">SEMCOG: a guide 1985</subfield>
  </datafield>
  <datafield tag="955" ind1=" " ind2=" ">
    <subfield code="b">BENT</subfield>
    <subfield code="p">39015071850288</subfield>
    <subfield code="z">Southeast Michigan: a regional profile 1985</subfield>
  </datafield>
  <datafield tag="955" ind1=" " ind2=" ">
    <subfield code="b">BENT</subfield>
    <subfield code="p">39015071850296</subfield>
    <subfield code="z">Public transportation needs and finance assessment for Southeast Michigan 1987</subfield>
  </datafield>
  <datafield tag="955" ind1=" " ind2=" ">
    <subfield code="b">BENT</subfield>
    <subfield code="p">39015071850304</subfield>
    <subfield code="z">Public transportation element of the year 2005 regional transportation plan: a technical report 1988</subfield>
  </datafield>
  <datafield tag="955" ind1=" " ind2=" ">
    <subfield code="b">BENT</subfield>
    <subfield code="p">39015071850312</subfield>
    <subfield code="z">Southeast Michigan traffic crash profile 1989</subfield>
  </datafield>
  <datafield tag="955" ind1=" " ind2=" ">
    <subfield code="b">BENT</subfield>
    <subfield code="p">39015071850320</subfield>
    <subfield code="z">Regional traffic safety policies for Southeast Michigan (draft) 1990</subfield>
  </datafield>
  <datafield tag="955" ind1=" " ind2=" ">
    <subfield code="b">BENT</subfield>
    <subfield code="p">39015071850338</subfield>
    <subfield code="z">Regional traffic safety policies for Southeast Michigan 1990</subfield>
  </datafield>
  <datafield tag="955" ind1=" " ind2=" ">
    <subfield code="b">BENT</subfield>
    <subfield code="p">39015071850346</subfield>
    <subfield code="z">Tax incentives/tax abatements in Southeast Michigan 1990</subfield>
  </datafield>
  <datafield tag="955" ind1=" " ind2=" ">
    <subfield code="b">BENT</subfield>
    <subfield code="p">39015071850353</subfield>
    <subfield code="z">Management &amp; governance 1990/2010 (Regional development initiative briefing paper #6) 1991</subfield>
  </datafield>
  <datafield tag="955" ind1=" " ind2=" ">
    <subfield code="b">BENT</subfield>
    <subfield code="p">39015071850361</subfield>
    <subfield code="z">Public finance 1990/2010 (Regional development initiative briefing paper #5) 1991</subfield>
  </datafield>
  <datafield tag="955" ind1=" " ind2=" ">
    <subfield code="b">BENT</subfield>
    <subfield code="p">39015071850379</subfield>
    <subfield code="z">Transportation 1990/2010 (Regional development initiative briefing paper #3) 1991</subfield>
  </datafield>
  <datafield tag="955" ind1=" " ind2=" ">
    <subfield code="b">BENT</subfield>
    <subfield code="p">39015071850387</subfield>
    <subfield code="z">The environment, 1990/2010 (Regional development initiative briefing paper #1) 1991</subfield>
  </datafield>
  <datafield tag="955" ind1=" " ind2=" ">
    <subfield code="b">BENT</subfield>
    <subfield code="p">39015071850395</subfield>
    <subfield code="z">Social impacts: crime, race, education 1990/2010 (Regional development initiative briefing paper #2) 1991</subfield>
  </datafield>
  <datafield tag="955" ind1=" " ind2=" ">
    <subfield code="b">BENT</subfield>
    <subfield code="p">39015071850403</subfield>
    <subfield code="z">Economy 1990/2010 (Regional development initiative briefing paper #4) 1991</subfield>
  </datafield>
  <datafield tag="955" ind1=" " ind2=" ">
    <subfield code="b">BENT</subfield>
    <subfield code="p">39015071850411</subfield>
    <subfield code="z">Regional development initiative: summary of workshop #1 the environment 1991</subfield>
  </datafield>
  <datafield tag="955" ind1=" " ind2=" ">
    <subfield code="b">BENT</subfield>
    <subfield code="p">39015071850429</subfield>
    <subfield code="z">Regional development initiative: summary of workshop #4 economy 1991</subfield>
  </datafield>
  <datafield tag="955" ind1=" " ind2=" ">
    <subfield code="b">BENT</subfield>
    <subfield code="p">39015071850437</subfield>
    <subfield code="z">Regional development initiative: summary of workshop #6 management &amp; governance 1991</subfield>
  </datafield>
  <datafield tag="955" ind1=" " ind2=" ">
    <subfield code="b">BENT</subfield>
    <subfield code="p">39015071850445</subfield>
    <subfield code="z">Regional development initiative: final report of the RDI Oversight Committee 1991</subfield>
  </datafield>
  <datafield tag="955" ind1=" " ind2=" ">
    <subfield code="b">BENT</subfield>
    <subfield code="p">39015071850452</subfield>
    <subfield code="z">The "Business as usual" trend future: the data base 1991</subfield>
  </datafield>
  <datafield tag="955" ind1=" " ind2=" ">
    <subfield code="b">BENT</subfield>
    <subfield code="p">39015071850460</subfield>
    <subfield code="z">Southeast Michigan regional aviation system plan: evaluation of alternative systems: draft (Working paper, no. 5) 1991</subfield>
  </datafield>
  <datafield tag="955" ind1=" " ind2=" ">
    <subfield code="b">BENT</subfield>
    <subfield code="p">39015071850478</subfield>
    <subfield code="z">Education reforms: issues and recommendations 1991</subfield>
  </datafield>
  <datafield tag="955" ind1=" " ind2=" ">
    <subfield code="b">BENT</subfield>
    <subfield code="p">39015071850486</subfield>
    <subfield code="z">Southeast Michigan regional aviation system plan technical report 1992</subfield>
  </datafield>
  <datafield tag="955" ind1=" " ind2=" ">
    <subfield code="b">BENT</subfield>
    <subfield code="p">39015071850494</subfield>
    <subfield code="z">A citizen's guide to transportation planning in southeast Michigan, 2001</subfield>
  </datafield>
  <datafield tag="955" ind1=" " ind2=" ">
    <subfield code="b">BENT</subfield>
    <subfield code="p">39015071850502</subfield>
    <subfield code="z">Michiganâs legal tools for cooperative arrangements 2003</subfield>
  </datafield>
  <datafield tag="955" ind1=" " ind2=" ">
    <subfield code="b">BENT</subfield>
    <subfield code="p">39015071850510</subfield>
    <subfield code="z">Funding resources for investing in the transportation system of Southeast Michigan 2003</subfield>
  </datafield>
  <datafield tag="955" ind1=" " ind2=" ">
    <subfield code="b">BENT</subfield>
    <subfield code="p">39015071850528</subfield>
    <subfield code="z">Intergovernmental cooperation: a background paper 2003</subfield>
  </datafield>
  <datafield tag="955" ind1=" " ind2=" ">
    <subfield code="b">BENT</subfield>
    <subfield code="p">39015071850536</subfield>
    <subfield code="z">Commuting in Southeast Michigan, 2000, 2003</subfield>
  </datafield>
  <datafield tag="955" ind1=" " ind2=" ">
    <subfield code="b">BENT</subfield>
    <subfield code="p">39015071850544</subfield>
    <subfield code="z">MDOT freeway courtesy patrol in Southeast Michigan: 2002 evaluation report, 2003</subfield>
  </datafield>
  <datafield tag="955" ind1=" " ind2=" ">
    <subfield code="b">BENT</subfield>
    <subfield code="p">39015071850551</subfield>
    <subfield code="z">2030 regional transportation plan: needs, revenues, and priorities 2003</subfield>
  </datafield>
  <datafield tag="955" ind1=" " ind2=" ">
    <subfield code="b">BENT</subfield>
    <subfield code="p">39015071850569</subfield>
    <subfield code="z">2002 Southeast Michigan traffic crash facts, 2003</subfield>
  </datafield>
  <datafield tag="955" ind1=" " ind2=" ">
    <subfield code="b">BENT</subfield>
    <subfield code="p">39015071850577</subfield>
    <subfield code="z">Fiscal capacity of Southeast Michigan communities: taxable value and its implications 2003</subfield>
  </datafield>
  <datafield tag="955" ind1=" " ind2=" ">
    <subfield code="b">BENT</subfield>
    <subfield code="p">39015071850585</subfield>
    <subfield code="z">Intergovernmental cooperation: strategies for overcoming political barriers) 2003</subfield>
  </datafield>
  <datafield tag="955" ind1=" " ind2=" ">
    <subfield code="b">BENT</subfield>
    <subfield code="p">39015071850593</subfield>
    <subfield code="z">SEMCOG's proposal for moving forward on the Land Use Leadership Councilâs recommendations 2003</subfield>
  </datafield>
  <datafield tag="955" ind1=" " ind2=" ">
    <subfield code="b">BENT</subfield>
    <subfield code="p">39015071850601</subfield>
    <subfield code="z">Population and households in Southeast Michigan, 2000-2003, 2003</subfield>
  </datafield>
  <datafield tag="955" ind1=" " ind2=" ">
    <subfield code="b">BENT</subfield>
    <subfield code="p">39015071850619</subfield>
    <subfield code="z">Annual work program completion report for fiscal year 2002-2003, 2003</subfield>
  </datafield>
  <datafield tag="955" ind1=" " ind2=" ">
    <subfield code="b">BENT</subfield>
    <subfield code="p">39015071850627</subfield>
    <subfield code="z">Employment change by community, Southeast Michigan, 1999-2002, 2003</subfield>
  </datafield>
  <datafield tag="955" ind1=" " ind2=" ">
    <subfield code="b">BENT</subfield>
    <subfield code="p">39015071850635</subfield>
    <subfield code="z">Financing joint public ventures: alternatives and consequences) 2003</subfield>
  </datafield>
  <datafield tag="955" ind1=" " ind2=" ">
    <subfield code="b">BENT</subfield>
    <subfield code="p">39015071850643</subfield>
    <subfield code="z">Sensitivity analysis of EPAâs new mobile model 2004</subfield>
  </datafield>
  <datafield tag="955" ind1=" " ind2=" ">
    <subfield code="b">BENT</subfield>
    <subfield code="p">39015071850650</subfield>
    <subfield code="z">Intergovernmental cooperation: case studies in Southeast Michigan 2004</subfield>
  </datafield>
  <datafield tag="955" ind1=" " ind2=" ">
    <subfield code="b">BENT</subfield>
    <subfield code="p">39015071850668</subfield>
    <subfield code="z">Nonresidential development in Southeast Michigan, summary 2003, 2004</subfield>
  </datafield>
  <datafield tag="955" ind1=" " ind2=" ">
    <subfield code="b">BENT</subfield>
    <subfield code="p">39015071850676</subfield>
    <subfield code="z">Land use in Southeast Michigan, regional summary, 1990-2000 2004</subfield>
  </datafield>
  <datafield tag="955" ind1=" " ind2=" ">
    <subfield code="b">BENT</subfield>
    <subfield code="p">39015071850684</subfield>
    <subfield code="z">Land use in Southeast Michigan, Livingston County, 1990-2000 2004</subfield>
  </datafield>
  <datafield tag="955" ind1=" " ind2=" ">
    <subfield code="b">BENT</subfield>
    <subfield code="p">39015071850692</subfield>
    <subfield code="z">Land use in Southeast Michigan, Macomb County, 1990-2000 2004</subfield>
  </datafield>
  <datafield tag="955" ind1=" " ind2=" ">
    <subfield code="b">BENT</subfield>
    <subfield code="p">39015071850700</subfield>
    <subfield code="z">Land use in Southeast Michigan, Monroe County, 1990-2000 2004</subfield>
  </datafield>
  <datafield tag="955" ind1=" " ind2=" ">
    <subfield code="b">BENT</subfield>
    <subfield code="p">39015071850718</subfield>
    <subfield code="z">Land use in Southeast Michigan, Oakland County, 1990-2000 2004</subfield>
  </datafield>
  <datafield tag="955" ind1=" " ind2=" ">
    <subfield code="b">BENT</subfield>
    <subfield code="p">39015071850726</subfield>
    <subfield code="z">Land use in Southeast Michigan, St. Clair County, 1990-2000 2004</subfield>
  </datafield>
  <datafield tag="955" ind1=" " ind2=" ">
    <subfield code="b">BENT</subfield>
    <subfield code="p">39015071850734</subfield>
    <subfield code="z">Land use in Southeast Michigan, Washtenaw County, 1990-2000 2004</subfield>
  </datafield>
  <datafield tag="955" ind1=" " ind2=" ">
    <subfield code="b">BENT</subfield>
    <subfield code="p">39015071850742</subfield>
    <subfield code="z">Land use in Southeast Michigan, Wayne County, 1990-2000 2004</subfield>
  </datafield>
  <datafield tag="955" ind1=" " ind2=" ">
    <subfield code="b">BENT</subfield>
    <subfield code="p">39015071850759</subfield>
    <subfield code="z">The conditional land transfer act: research, reflections, and policy recommendations 2004</subfield>
  </datafield>
  <datafield tag="955" ind1=" " ind2=" ">
    <subfield code="b">BENT</subfield>
    <subfield code="p">39015071850767</subfield>
    <subfield code="z">2030 regional transportation plan for Southeast Michigan (draft) 2004</subfield>
  </datafield>
  <datafield tag="955" ind1=" " ind2=" ">
    <subfield code="b">BENT</subfield>
    <subfield code="p">39015071850775</subfield>
    <subfield code="z">2030 regional transportation plan for Southeast Michigan: project list (draft) 2004</subfield>
  </datafield>
  <datafield tag="955" ind1=" " ind2=" ">
    <subfield code="b">BENT</subfield>
    <subfield code="p">39015071850783</subfield>
    <subfield code="z">SEMCOG rain gauge network 2003 annual report 2004</subfield>
  </datafield>
  <datafield tag="955" ind1=" " ind2=" ">
    <subfield code="b">BENT</subfield>
    <subfield code="p">39015071850791</subfield>
    <subfield code="z">Population and households in Southeast Michigan, 2000-2004, 2004</subfield>
  </datafield>
  <datafield tag="955" ind1=" " ind2=" ">
    <subfield code="b">BENT</subfield>
    <subfield code="p">39015071850809</subfield>
    <subfield code="z">Profile of I-275 corridor communities: for the University of Michigan and Urban Land Instituteâs 18th annual real estate forum 2004</subfield>
  </datafield>
  <datafield tag="955" ind1=" " ind2=" ">
    <subfield code="b">BENT</subfield>
    <subfield code="p">39015071850817</subfield>
    <subfield code="z">Regional impact review proposed crosswinds communities planned community development Milan Township, Michigan 2004</subfield>
  </datafield>
  <datafield tag="955" ind1=" " ind2=" ">
    <subfield code="b">BENT</subfield>
    <subfield code="p">39015071850825</subfield>
    <subfield code="z">Migration and its impact on Southeast Michigan, 1990-2003 2004</subfield>
  </datafield>
  <datafield tag="955" ind1=" " ind2=" ">
    <subfield code="b">BENT</subfield>
    <subfield code="p">39015071850833</subfield>
    <subfield code="z">2030 regional transportation plan for Southeast Michigan: regional transportation needs 2004</subfield>
  </datafield>
  <datafield tag="955" ind1=" " ind2=" ">
    <subfield code="b">BENT</subfield>
    <subfield code="p">39015071850841</subfield>
    <subfield code="z">SEMCOG rain gauge network January-June 2005 report, October 2005</subfield>
  </datafield>
  <datafield tag="955" ind1=" " ind2=" ">
    <subfield code="b">BENT</subfield>
    <subfield code="p">39015071850858</subfield>
    <subfield code="z">Population and households in Southeast Michigan, 2000-2005, 2005</subfield>
  </datafield>
  <datafield tag="955" ind1=" " ind2=" ">
    <subfield code="b">BENT</subfield>
    <subfield code="p">39015071850866</subfield>
    <subfield code="z">Profile of Detroit beyond the Super Bowl, 2005</subfield>
  </datafield>
  <datafield tag="955" ind1=" " ind2=" ">
    <subfield code="b">BENT</subfield>
    <subfield code="p">39015071850874</subfield>
    <subfield code="z">A citizen's guide to transportation planning in southeast Michigan, 2005</subfield>
  </datafield>
  <datafield tag="955" ind1=" " ind2=" ">
    <subfield code="b">BENT</subfield>
    <subfield code="p">39015071850882</subfield>
    <subfield code="z">Annual work program completion report for fiscal year 2004-2005, 2005</subfield>
  </datafield>
  <datafield tag="955" ind1=" " ind2=" ">
    <subfield code="b">BENT</subfield>
    <subfield code="p">39015071850890</subfield>
    <subfield code="z">State and local government financing of essential services with user fees 2005</subfield>
  </datafield>
  <datafield tag="955" ind1=" " ind2=" ">
    <subfield code="b">BENT</subfield>
    <subfield code="p">39015071850908</subfield>
    <subfield code="z">SEMCOG annual operating budget and work program summary: fiscal year ending June 30, 2006; 2005</subfield>
  </datafield>
  <datafield tag="955" ind1=" " ind2=" ">
    <subfield code="b">BENT</subfield>
    <subfield code="p">39015071850916</subfield>
    <subfield code="z">Residential construction in Southeast Michigan, 2004, 2005</subfield>
  </datafield>
  <datafield tag="955" ind1=" " ind2=" ">
    <subfield code="b">BENT</subfield>
    <subfield code="p">39015071850924</subfield>
    <subfield code="z">Population and households in Southeast Michigan, 2000-2006, 2006</subfield>
  </datafield>
  <datafield tag="955" ind1=" " ind2=" ">
    <subfield code="b">BENT</subfield>
    <subfield code="p">39015071850932</subfield>
    <subfield code="z">MDOT freeway courtesy patrol in Southeast Michigan: 2005 evaluation report, 2006</subfield>
  </datafield>
  <datafield tag="955" ind1=" " ind2=" ">
    <subfield code="b">BENT</subfield>
    <subfield code="p">39015071850940</subfield>
    <subfield code="z">Funding resources for investing in the transportation system of Southeast Michigan 2006</subfield>
  </datafield>
  <datafield tag="955" ind1=" " ind2=" ">
    <subfield code="b">BENT</subfield>
    <subfield code="p">39015071850957</subfield>
    <subfield code="z">Asset management road condition report, 2005, August 2006</subfield>
  </datafield>
  <datafield tag="955" ind1=" " ind2=" ">
    <subfield code="b">BENT</subfield>
    <subfield code="p">39015071850965</subfield>
    <subfield code="z">2005 Southeast Michigan traffic crash facts, 2006</subfield>
  </datafield>
  <datafield tag="955" ind1=" " ind2=" ">
    <subfield code="b">BENT</subfield>
    <subfield code="p">39015071850973</subfield>
    <subfield code="z">Residential construction in Southeast Michigan, 2005, 2006</subfield>
  </datafield>
  <datafield tag="955" ind1=" " ind2=" ">
    <subfield code="b">BENT</subfield>
    <subfield code="p">39015071850981</subfield>
    <subfield code="z">2004 Southeast Michigan traffic crash facts, 2006</subfield>
  </datafield>
  <datafield tag="955" ind1=" " ind2=" ">
    <subfield code="b">BENT</subfield>
    <subfield code="p">39015071850999</subfield>
    <subfield code="z">Building stronger communities: the community development block grant in Michigan, 2006</subfield>
  </datafield>
  <datafield tag="955" ind1=" " ind2=" ">
    <subfield code="b">BENT</subfield>
    <subfield code="p">39015071851005</subfield>
    <subfield code="z">Regional concept for transportation operations (RCTO) final report: southeast Michigan experience, 2007</subfield>
  </datafield>
  <datafield tag="955" ind1=" " ind2=" ">
    <subfield code="b">BENT</subfield>
    <subfield code="p">39015071851013</subfield>
    <subfield code="z">Regional concept for transportation operations (RCTO) for southeast Michigan, 2007</subfield>
  </datafield>
  <datafield tag="955" ind1=" " ind2=" ">
    <subfield code="b">BENT</subfield>
    <subfield code="p">39015071851021</subfield>
    <subfield code="z">American community survey profile, Michigan, 2005, 2007</subfield>
  </datafield>
  <datafield tag="955" ind1=" " ind2=" ">
    <subfield code="b">BENT</subfield>
    <subfield code="p">39015071851039</subfield>
    <subfield code="z">Passenger vehicles and air pollution: a profile of southeast Michigan's fleet, 2008</subfield>
  </datafield>
  <datafield tag="955" ind1=" " ind2=" ">
    <subfield code="b">BENT</subfield>
    <subfield code="p">39015071851047</subfield>
    <subfield code="z">Status of bridges in southeast Michigan, 2006, 2008</subfield>
  </datafield>
  <datafield tag="955" ind1=" " ind2=" ">
    <subfield code="b">BENT</subfield>
    <subfield code="p">39015071851054</subfield>
    <subfield code="z">Investment in Reducing Combined Sewer Overflows Pays Dividends (Sept. 2008)</subfield>
  </datafield>
  <datafield tag="955" ind1=" " ind2=" ">
    <subfield code="b">BENT</subfield>
    <subfield code="p">39015071851062</subfield>
    <subfield code="z">Population and Households in Southeast Michigan, 2000-2008, Sept. 2008</subfield>
  </datafield>
  <datafield tag="955" ind1=" " ind2=" ">
    <subfield code="b">BENT</subfield>
    <subfield code="p">39015071851070</subfield>
    <subfield code="z">Redevelopment capacity in the city of Detroit, 2008</subfield>
  </datafield>
  <datafield tag="955" ind1=" " ind2=" ">
    <subfield code="b">BENT</subfield>
    <subfield code="p">39015071851088</subfield>
    <subfield code="z">Fiscal capacity of Southeast Michigan communities: taxable value and its implications, 2008</subfield>
  </datafield>
  <datafield tag="955" ind1=" " ind2=" ">
    <subfield code="b">BENT</subfield>
    <subfield code="p">39015071851096</subfield>
    <subfield code="z">Asset management road condition report, 2006, December 2008</subfield>
  </datafield>
  <datafield tag="955" ind1=" " ind2=" ">
    <subfield code="b">BENT</subfield>
    <subfield code="p">39015071851104</subfield>
    <subfield code="z">Asset management road condition report, 2007, December 2008</subfield>
  </datafield>
  <datafield tag="955" ind1=" " ind2=" ">
    <subfield code="b">BENT</subfield>
    <subfield code="p">39015071851112</subfield>
    <subfield code="z">SEMCOG 2035 forecast population by age group by school district (January 2009)</subfield>
  </datafield>
  <datafield tag="955" ind1=" " ind2=" ">
    <subfield code="b">BENT</subfield>
    <subfield code="p">39015071851120</subfield>
    <subfield code="z">MDOT freeway courtesy patrol in Southeast Michigan: FY 2008 evaluation report, 2009</subfield>
  </datafield>
  <datafield tag="955" ind1=" " ind2=" ">
    <subfield code="b">BENT</subfield>
    <subfield code="p">39015071851138</subfield>
    <subfield code="z">Residential construction in Southeast Michigan, 2008, 2009</subfield>
  </datafield>
  <datafield tag="955" ind1=" " ind2=" ">
    <subfield code="b">BENT</subfield>
    <subfield code="p">39015071851146</subfield>
    <subfield code="z">Nonresidential development in Southeast Michigan, summary 2008, 2009</subfield>
  </datafield>
  <datafield tag="955" ind1=" " ind2=" ">
    <subfield code="b">BENT</subfield>
    <subfield code="p">39015071851153</subfield>
    <subfield code="z">Miscellaneous: Perspective on progress: Bikeways to people movers, 1978</subfield>
  </datafield>
  <datafield tag="955" ind1=" " ind2=" ">
    <subfield code="b">BENT</subfield>
    <subfield code="p">39015071851161</subfield>
    <subfield code="z">Miscellaneous: Perspective on progress, 1980</subfield>
  </datafield>
  <datafield tag="955" ind1=" " ind2=" ">
    <subfield code="b">BENT</subfield>
    <subfield code="p">39015071851179</subfield>
    <subfield code="z">Miscellaneous: Perspective on progress, 1977</subfield>
  </datafield>
  <datafield tag="955" ind1=" " ind2=" ">
    <subfield code="b">BENT</subfield>
    <subfield code="p">39015071851187</subfield>
    <subfield code="z">Miscellaneous: Refuse disposal plan for the Detroit region, n.d.</subfield>
  </datafield>
  <datafield tag="955" ind1=" " ind2=" ">
    <subfield code="b">BENT</subfield>
    <subfield code="p">39015071851195</subfield>
    <subfield code="z">Miscellaneous: You and your mobility, 1974</subfield>
  </datafield>
  <datafield tag="955" ind1=" " ind2=" ">
    <subfield code="b">BENT</subfield>
    <subfield code="p">39015071851203</subfield>
    <subfield code="z">Miscellaneous: Some light on Michigan's state-wide transportation bond proposal, 1974</subfield>
  </datafield>
  <datafield tag="955" ind1=" " ind2=" ">
    <subfield code="b">BENT</subfield>
    <subfield code="p">39015071851211</subfield>
    <subfield code="z">Miscellaneous: SEMCOG online, 1996</subfield>
  </datafield>
  <datafield tag="955" ind1=" " ind2=" ">
    <subfield code="b">BENT</subfield>
    <subfield code="p">39015071851229</subfield>
    <subfield code="z">Detroit Metropolitan Area Regional Planning Commission, report for 1962</subfield>
  </datafield>
  <datafield tag="955" ind1=" " ind2=" ">
    <subfield code="b">BENT</subfield>
    <subfield code="p">B1062058</subfield>
  </datafield>
</record>
